2856 4734
424 265 481 346 ns
496 295 527 344 r.
549 293 680 344 ovrnro
702 293 868 346 nssoss.
1157 282 1202 350 29

91 437 376 524 exsculpere,sed
389 409 569 524 deceptum
579 439 786 520 Protacium,
802 437 969 506 credibile.
1013 439 1201 524 Supersunt

91 539 416 626 metamorphoseon
429 543 506 607 libri
521 557 587 608 xv.
610 561 679 607 nou
704 540 764 608 illo
790 542 925 626 quidem
951 542 1040 626 stylo
1066 543 1201 610 sublimi

90 639 215 726 Epicu,
232 643 293 709 sed
317 652 429 710 tumen
444 645 578 723 decoro,
594 649 722 728 arguto,
741 663 917 710 numeroso
931 643 1073 720 exarati,
1088 650 1121 707 et
1134 646 1201 710 boc

90 743 182 828 ipso,
197 753 236 810 ut
251 753 373 811 ceterae
393 745 531 810 rinutes
555 751 801 829 praetereantur,
821 743 1094 828 ingeniosissimi,
1109 744 1200 828 quod

90 847 178 912 miro
193 847 339 913 artificio
353 867 467 912 omnes
481 847 722 932 propemodum
735 852 885 912 ueterum
903 846 1037 911 sabulos
1050 848 1093 911 ab
1107 847 1201 911 initio

90 949 195 1027 orbis,
212 949 258 1013 ad
274 969 338 1014 sua
349 968 458 1034 usque
473 955 624 1032 tempora
636 953 803 1031 perpetua
817 948 913 1025 serie,
928 955 963 1012 et
978 947 1067 1011 velut
1081 952 1201 1012 catena

89 1037 237 1132 quadam
263 1050 410 1129 amabili,
425 1055 634 1116 connectant.
680 1048 849 1114 Heroides
875 1053 909 1114 et
933 1047 1097 1114 Amorum
1122 1047 1200 1114 libri

88 1151 282 1234 purissimas
304 1153 461 1216 dictionis
485 1157 574 1230 sunt,
598 1149 658 1216 sed
690 1151 811 1234 impuri
834 1151 1031 1234 plemmque
1067 1169 1198 1229 sensus,

89 1253 215 1337 quibus
228 1253 299 1318 siue
310 1252 333 1319 J
337 1253 436 1318 uliam
449 1252 593 1336 Augusti
605 1253 708 1317 filiam
724 1254 890 1317 amoribus
901 1254 971 1317 suis
986 1253 1198 1338 implicuerit,

88 1355 184 1438 quod
203 1352 365 1418 creditum
387 1353 458 1419 Sid.
485 1353 682 1437 Apollinari,
700 1353 772 1417 siue
795 1354 912 1418 urbem
925 1353 1056 1419 lascivo
1072 1355 1199 1438 scripto

89 1455 285 1540 corruperit,
309 1455 380 1520 siue
403 1455 545 1540 denique
566 1453 714 1538 Augusti
734 1455 863 1520 incesto
889 1455 1007 1521 oculos
1031 1455 1200 1520 conscele-

86 1557 181 1636 rarit,
198 1575 266 1640 quo
281 1557 356 1640 ipse
366 1556 389 1620 i.
406 1572 461 1620 ιιι.
476 1555 579 1621 Trist.
590 1554 725 1620 videtur
736 1555 905 1634 inclinare,
914 1560 1003 1620 certe
1013 1555 1049 1620 in
1059 1555 1200 1620 exilium

87 1657 217 1720 missus
241 1655 360 1720 Tomis
382 1655 568 1721 consenuit.
613 1653 655 1719 ln
680 1674 748 1741 qua
775 1656 966 1740 calamitate
982 1675 1049 1736 uon
1068 1661 1198 1720 tantum

88 1755 212 1822 Getice
241 1756 525 1841 poenitudinis,
556 1742 670 1822 sed'et
697 1757 851 1824 Ponticis
876 1758 947 1824 suis
970 1757 1201 1840 'l'ristinmque

87 1857 186 1923 libris
207 1854 354 1941 Augusti
376 1857 640 1938 misericordiam,
667 1875 735 1924 nou
758 1859 890 1924 destitit
912 1877 1064 1936 evocare,
1091 1877 1198 1941 qnan-

86 1979 192 2044 quam
215 1961 394 2024 incassum.
439 1954 623 2026 creduntur
646 1961 720 2026 baec
736 1961 845 2026 exulis
871 1949 999 2044 scriptu
1019 1957 1199 2024 humiliora

86 2079 165 2124 esse
189 2061 312 2124 ceteris
336 2059 411 2144 ejus
435 2062 605 2144 operibus,
625 2068 664 2127 ut
680 2060 767 2126 iuter
786 2062 948 2126 barbaros
970 2066 1003 2126 et
1028 2059 1198 2126 miserium

85 2167 180 2238 natu,
194 2165 231 2225 at
251 2179 331 2226 sane
346 2140 504 2246 quan‘tum
528 2162 571 2227 iis
593 2161 779 2226 detractum
798 2162 992 2250 majestatis,
1005 2167 1134 2226 nutum
1152 2179 1198 2226 ex

85 2263 223 2344 iugenio
238 2261 388 2326 additum
401 2261 573 2326 varietatis
599 2268 632 2327 et
656 2261 923 2345 pulchritudinis.
969 2261 1091 2346 Neque
1108 2263 1196 2326 enim

85 2365 255 2447 ingenium
267 2364 302 2428 iu
316 2363 422 2442 exilio
442 2361 512 2445 ipsi
523 2361 704 2439 excidisse,
726 2361 811 2426 satis
826 2361 1007 2426 docuerunt
1020 2361 1201 2453 mordaces

84 2467 123 2531 in
153 2465 243 2530 Ibim
270 2463 367 2543 diras,
394 2469 446 2530 tot
473 2463 638 2548 exemplis
669 2483 711 2528 ex
746 2482 832 2529 cuna
852 2463 1051 2546 antiquitate
1081 2462 1197 2546 petitis

84 2567 266 2645 aculeatae,
281 2574 322 2632 ut
336 2567 456 2632 mirum
478 2569 534 2646 sit,
547 2567 684 2645 bomini,
699 2567 958 2633 instructissima
972 2563 1072 2654 etiam
1088 2563 1196 2629 Bibli-

83 2671 209 2735 otbeca
216 2671 355 2748 uiuenti,
368 2673 496 2734 tantm
509 2674 685 2753 suppetere
699 2686 801 2752 posse
813 2669 1024 2753 apparatum,
1035 2671 1196 2750 quantum

82 2772 155 2856 ipsi
180 2777 277 2836 extra
301 2771 436 2855 pluteos
466 2771 635 2854 suggessit
662 2770 832 2836 memoria.
878 2767 983 2833 Pium
1016 2769 1195 2850 scripsisse

82 2873 249 2938 Ovidium
264 2876 405 2951 constat,
418 2870 460 2935 de
476 2872 598 2954 quibus
616 2871 681 2935 Lil.
703 2869 872 2954 Gyruldus
882 2867 1115 2950 Vossiusque3
1136 2865 1196 2931 sed

82 2974 320 3051 Philomelam,
356 2973 598 3058 Panegyricum
634 2972 677 3037 ad
714 2971 883 3048 Pisonem,
905 2968 1069 3046 Pulicem,
1097 2966 1196 3032 etde

81 3075 308 3142 medicamine
333 3076 432 3140 faciei
456 3095 523 3140 nou
547 3094 624 3140 esse
639 3072 825 3139 Ovidiauos
846 3070 962 3147 foetus,
983 3069 1196 3134 consentiunt

82 3177 220 3256 eruditi,
234 3183 272 3243 ut
283 3195 347 3242 nec
362 3195 477 3241 omnes
493 3173 680 3241 Heroidum
696 3173 879 3259 Epistulas.
924 3170 1015 3235 luter
1029 3167 1195 3234 editiones
1211 3219 1218 3230 .

82 3297 230 3363 operum
251 3277 326 3360 ejus
350 3275 443 3341 nulla
464 3275 658 3358 castigatior
686 3281 739 3338 est
760 3272 840 3337 Nic.
862 3270 1011 3348 Heinsii,
1032 3291 1133 3354 quam
1159 3279 1196 3336 et

81 3386 206 3464 postea
242 3383 379 3444 secutus
413 3385 467 3442 est
504 3375 720 3442 Burcbardus
759 3371 1000 3459 Cuippingius3
1038 3371 1195 3438 laudatur

80 3485 118 3545 et
137 3477 284 3545 Ouidius
306 3475 494 3543 Variorum.
549 3475 591 3541 Iu
615 3475 761 3561 optimis
778 3473 929 3540 Nasonis
953 3473 1107 3540 versibus
1135 3473 1193 3538 ille

79 3587 152 3660 ⁰⁸1,

406 3680 591 3765 Finemqne
604 3677 756 3765 potentia
769 3676 848 3742 coeli
863 3673 865 3678 ’

149 3780 234 3848 Non
247 3781 362 3860 bubet,
376 3788 411 3847 et
426 3763 586 3865 quicquid
601 3779 715 3863 superi
731 3779 875 3854 uoluere,
889 3782 1061 3859 peractum
1076 3780 1136 3840 est.

81 3881 238 3950 Creditur
251 3884 380 3950 obiisse
391 3883 510 3948 Tomis
524 3901 610 3948 anno
626 3881 670 3946 U.
686 3880 728 3946 0.
745 3895 914 3945 nocnxx.
927 3879 993 3945 boc
1007 3874 1202 3948 estChristi

81 3999 185 4050 xvir.
206 3989 475 4069 monstraturque
493 3982 538 4050 ad
560 3983 674 4050 urbem
698 3980 857 4048 Kioriam
870 3979 946 4064 ejus
967 3975 1212 4062 sepulchrum,¹

82 4085 225 4152 siverus
240 4081 400 4150 Brietins.
