2856 4734
233 313 277 382 28
544 329 777 380 rssmuorua
802 329 849 378 nr
870 327 1027 379 ruorcrn

234 476 323 556 Quae
336 481 411 542 sunt
424 495 468 541 ex
478 473 538 540 lib.
550 490 574 537 r.
583 475 721 540 Metam.
733 474 834 540 etiam
844 473 1130 555 loquiturpostea,
1141 467 1238 553 quasi
1252 468 1339 537 inter

233 577 337 643 Getas
352 575 496 659 degeret,
510 596 551 640 ac
566 573 691 652 subdit,

297 678 389 743 Nam
403 678 564 761 quoniam
578 677 720 742 reditum
734 675 815 742 mibi
825 674 899 759 jam
913 693 1047 760 sperare
1061 681 1217 758 negatum
1232 679 1287 739 ent

297 774 390 863 Optb
406 781 498 845 mori.

233 879 320 947 Vide
342 887 453 945 autem
478 881 656 946 stultitiam
672 879 848 946 Poiitnstri·
892 877 1003 944 Etiam
1027 876 1186 944 Ovidium
1210 873 1339 942 inducit

232 983 431 1066 loquentem,
447 984 544 1067 quasi
555 982 774 1065 Evangelium
783 981 935 1058 vidisset,

318 1083 432 1167 Hujus
448 1082 615 1150 Cultorom
630 1105 683 1150 me
697 1085 894 1169 repromitto
908 1083 1069 1162 futurum,

324 1185 412 1250 Dum
426 1191 535 1251 tamen
550 1187 625 1268 ipse
640 1187 757 1264 trabat,
772 1186 853 1270 quia
867 1186 974 1250 sinon
988 1183 1140 1259 traxerit,
1153 1181 1221 1265 ipsi

317 1286 427 1352 Nemo
441 1287 574 1372 placere
588 1293 710 1371 potest,
722 1293 755 1354 et
769 1285 938 1369 adipsum
953 1305 1051 1352 nemo
1067 1284 1190 1348 venire.

230 1383 345 1452 Ovidii
359 1387 403 1452 de
416 1390 527 1455 vetula
539 1389 716 1454 meminere
723 1387 955 1459 'l'beodoricus
969 1387 1012 1451 da
1027 1385 1129 1450 Niem
1142 1381 1177 1448 in
1187 1381 1337 1448 Nemore

230 1489 359 1554 unionis
373 1495 468 1556 tract.
480 1508 532 1556 vr.
548 1511 622 1576 cap.
643 1491 696 1557 38.
712 1496 745 1556 et
759 1489 955 1558 Gobellinus
970 1489 1124 1554 Persona
1137 1487 1171 1550 in
1192 1484 1337 1550 Gosmo-

231 1588 360 1654 dromio
375 1595 484 1658 rotatis
499 1609 556 1656 ιιι.
571 1610 649 1675 cap.
659 1593 713 1656 16.
723 1599 758 1656 et
772 1596 860 1657 oetat.
872 1607 921 1654 ιν.
937 1610 1012 1673 cap.
1023 1591 1076 1653 10.
1091 1585 1241 1652 meminit
1253 1605 1338 1670 quo-

230 1708 307 1772 que,
322 1691 380 1754 sed
402 1697 440 1756 ut
460 1693 608 1776 suspecti
631 1692 807 1775 scriptoris
833 1690 1002 1756 Henricus
1019 1690 1060 1754 de
1086 1687 1279 1754 Hervordia
1300 1689 1337 1753 in

230 1790 393 1858 saxonia:
407 1793 442 1856 in
452 1793 590 1858 historia
601 1792 768 1858 Laurentii
782 1792 931 1871 Mulleri,
942 1797 1041 1876 atque
1051 1790 1170 1856 exinde
1182 1792 1218 1854 in
1228 1789 1338 1856 Glan-

231 1890 341 1976 dorpii
352 1890 573 1960 Onomnstico
583 1893 677 1975 legas
687 1893 853 1978 hodieque
864 1902 981 1959 extare
992 1913 1108 1958 versus
1118 1899 1337 1959 monumento

229 1990 343 2058 Ovidii
358 1996 501 2060 incisos:
524 2014 600 2060 esse
612 2015 690 2060 vero
703 1995 906 2079 hujusmodi,

361 2095 431 2162 Hic
447 2096 533 2160 situs
546 2102 598 2160 est
611 2102 717 2174 vates,
733 2116 833 2178 quem
846 2097 927 2162 Divi
940 2095 1090 2162 Caesaris
1099 2097 1150 2161 ira

402 2195 548 2280 Augusti
563 2197 660 2264 Latia
675 2197 791 2263 cedere
801 2198 905 2281 jussit
915 2199 1029 2263 humo.

358 2301 459 2386 Saepe
472 2301 575 2366 miser
587 2301 696 2366 voluit
709 2301 828 2384 patriis
842 2302 1037 2365 occumbere
1051 2299 1158 2378 terris,

398 2401 468 2468 Sed
481 2403 610 2481 trustra,
625 2404 711 2469 bunc
725 2403 773 2467 illi
788 2403 858 2468 sata
873 2403 991 2466 dedere
1004 2402 1125 2466 locum.
1203 2423 1206 2430 ·

228 2501 356 2570 Verum
364 2505 559 2588 neutiquam
573 2504 648 2569 baec
661 2506 795 2590 sapiunt
808 2524 920 2570 aevum
933 2504 1079 2602 Augusti
1092 2502 1147 2567 rel
1157 2501 1299 2568 Tiberii.

382 2651 588 2730 Borrichius,
602 2652 644 2717 de
659 2653 774 2718 Poc'tis
788 2654 1030 2718 Dissertatione
1045 2669 1069 2716 ι.
1085 2653 1112 2736 §.
1127 2651 1181 2716 21.

271 2769 312 2836 P.
323 2768 487 2835 Ovrnrus
498 2769 616 2848 Naso,
627 2787 744 2854 eques,
758 2771 871 2853 patria
881 2770 1119 2847 Sulmonensis,
1130 2777 1231 2834 natus
1242 2787 1334 2835 anno

115 2874 126 2891 ⁸
228 2873 274 2940 U.
288 2874 327 2938 C.
343 2889 472 2938 nocxr.
486 2873 551 2939 boc
566 2879 628 2950 est,
642 2874 750 2956 primo
773 2893 795 2938 a
813 2879 917 2939 morte
931 2873 953 2938 J
957 2920 965 2937 .
981 2871 1141 2948 Caesaris,
1161 2873 1333 2956 juveniles

229 2995 334 3042 annos
349 2977 382 3040 in
396 2975 516 3040 studiis
539 2980 572 3039 et
595 2975 667 3040 loro
691 2975 769 3058 egit,
794 2974 853 3040 sed
878 2975 1043 3062 paulatim
1067 2975 1112 3039 ad
1141 2993 1275 3038 amores
1297 2977 1333 3038 et

227 3095 343 3142 musas
356 3077 554 3162 propensior
573 3075 718 3140 Romam
735 3076 910 3154 concessit,
935 3077 1048 3159 ibique
1071 3075 1191 3157 ingenii
1210 3074 1331 3156 buma-

225 3181 340 3257 nitate,
354 3179 524 3245 nobilitate
538 3180 680 3262 generis,
689 3185 724 3243 et
738 3183 911 3244 venustate
924 3177 1080 3242 carminis
1093 3177 1207 3244 statim
1222 3177 1332 3260 coepit

225 3279 450 3344 inclarescere.
495 3279 613 3356 Potito,
629 3281 658 3342 si
684 3281 760 3362 quis
774 3297 934 3362 unquam,
948 3277 1073 3356 facilis,
1099 3278 1245 3358 nativus,
1268 3299 1331 3344 ex·

225 3377 371 3462 peditus.
416 3379 546 3442 Extant
573 3381 647 3444 libri
674 3382 745 3464 ejus
772 3379 950 3444 Fastorum
981 3397 1031 3443 v1.
1059 3377 1154 3466 (uam
1188 3379 1331 3448 totidem

133 3505 140 3521 ·
227 3477 370 3562 periere)
394 3480 534 3561 antiqua
557 3479 738 3544 eruditione
760 3486 891 3563 patrum
916 3481 1186 3566 Pontificumque
1201 3482 1329 3562 referti,

226 3580 350 3662 quibus
365 3598 441 3644 cum
451 3581 543 3644 Bart.
554 3580 753 3646 Morisottus
769 3601 832 3646 sex
845 3581 931 3646 alios
947 3581 989 3646 ad
1004 3583 1222 3668 supplendam
1231 3583 1329 3651 lacu·

225 3701 304 3748 nant
328 3680 497 3764 adjecerit,
522 3683 638 3746 mirum
653 3687 811 3766 quantum
835 3701 856 3747 a
879 3685 1041 3752 suavitate
1057 3683 1207 3749 Nasonis
1230 3685 1330 3768 dege·

224 3788 323 3850 neret.
369 3781 471 3860 Quod
495 3783 526 3846 si
541 3785 673 3864 genuini
688 3803 750 3848 sex
771 3786 807 3850 in
821 3766 914 3868 pago*
922 3805 1027 3872 prope
1042 3785 1177 3852 Ulrnmn
1191 3786 1329 3854 delites·

226 3893 315 3964 cant,
343 3883 588 3950 concreditum
613 3887 782 3969 quondam
806 3887 897 3952 Celsi
925 3888 1096 3966 Protacio,
1113 3907 1266 3972 magnam
1282 3889 1328 3957 ab

225 3988 360 4055 eruditis
378 3987 474 4053 inibit
486 3987 639 4074 gratim,
654 3989 714 4076 qui
742 3993 812 4056 tarn
834 3989 981 4058 nobilem
994 3987 1201 4058 'lbesnnrom
1226 3997 1327 4077 queat
