<?xml version="1.0" encoding="UTF-8"?>
<!DOCTYPE html PUBLIC "-//W3C//DTD XHTML 1.0 Transitional//EN"
    "http://www.w3.org/TR/xhtml1/DTD/xhtml1-transitional.dtd">
<html xmlns="http://www.w3.org/1999/xhtml" xml:lang="en" lang="en">
 <head>
  <title>
</title>
<meta http-equiv="Content-Type" content="text/html;charset=utf-8" />
  <meta name='ocr-system' content='tesseract 3.04.00' />
  <meta name='ocr-capabilities' content='ocr_page ocr_carea ocr_par ocr_line ocrx_word'/>
</head>
<body>
  <div class='ocr_page' id='page_1' title='image "./povidiinasoniso06burmgoog_0184.png"; bbox 0 0 2782 4728; ppageno 0'>
   <div class='ocr_carea' id='block_1_1' title="bbox 586 297 951 366">
    <p class='ocr_par' dir='ltr' id='par_1_1' title="bbox 586 297 951 366">
     <span class='ocr_line' id='line_1_1' title="bbox 586 297 951 366; baseline 0 -2"><span class='ocrx_word' id='word_1_1' title='bbox 586 319 617 364; x_wconf 82' lang='lat' dir='ltr'><strong>r.</strong></span> <span class='ocrx_word' id='word_1_2' title='bbox 642 315 762 364; x_wconf 69' lang='lat' dir='ltr'><strong>circu</strong></span> <span class='ocrx_word' id='word_1_3' title='bbox 786 297 951 366; x_wconf 72' lang='lat' dir='ltr'><strong>us‘sours</strong></span> 
     </span>
    </p>
   </div>
   <div class='ocr_carea' id='block_1_2' title="bbox 549 717 986 794">
    <p class='ocr_par' dir='ltr' id='par_1_2' title="bbox 549 717 986 794">
     <span class='ocr_line' id='line_1_2' title="bbox 549 717 986 794; baseline 0.005 -2"><span class='ocrx_word' id='word_1_4' title='bbox 549 717 864 794; x_wconf 68' lang='lat' dir='ltr'>EPISTOLA</span> <span class='ocrx_word' id='word_1_5' title='bbox 905 719 986 794; x_wconf 80' lang='lat' dir='ltr'><strong>IX·</strong></span> 
     </span>
    </p>
   </div>
   <div class='ocr_carea' id='block_1_3' title="bbox 474 991 1057 1074">
    <p class='ocr_par' dir='ltr' id='par_1_3' title="bbox 474 991 1057 1074">
     <span class='ocr_line' id='line_1_3' title="bbox 474 991 1057 1074; baseline 0.003 -12"><span class='ocrx_word' id='word_1_6' title='bbox 474 991 758 1062; x_wconf 81' lang='lat' dir='ltr'><strong>DEIANIRA</strong></span> <span class='ocrx_word' id='word_1_7' title='bbox 795 995 1057 1074; x_wconf 80' lang='lat' dir='ltr'>HERCULI.</span> 
     </span>
    </p>
   </div>
   <div class='ocr_carea' id='block_1_4' title="bbox 628 1269 904 1322">
    <p class='ocr_par' dir='ltr' id='par_1_4' title="bbox 628 1269 904 1322">
     <span class='ocr_line' id='line_1_4' title="bbox 628 1269 904 1322; baseline 0 -1"><span class='ocrx_word' id='word_1_8' title='bbox 628 1269 904 1322; x_wconf 76' lang='lat' dir='ltr'><strong>ARGUMENTUM.</strong></span> 
     </span>
    </p>
   </div>
   <div class='ocr_carea' id='block_1_5' title="bbox 215 1395 1326 2272">
    <p class='ocr_par' dir='ltr' id='par_1_5' title="bbox 215 1395 1326 2272">
     <span class='ocr_line' id='line_1_5' title="bbox 215 1395 1320 1467; baseline 0 -18"><span class='ocrx_word' id='word_1_9' title='bbox 215 1395 372 1451; x_wconf 80' lang='lat' dir='ltr'><strong>Hnacutass</strong></span> <span class='ocrx_word' id='word_1_10' title='bbox 385 1399 493 1465; x_wconf 79' lang='lat' dir='ltr'><strong>Jupiter</strong></span> <span class='ocrx_word' id='word_1_11' title='bbox 508 1414 540 1450; x_wconf 86' lang='lat' dir='ltr'><strong>err</strong></span> <span class='ocrx_word' id='word_1_12' title='bbox 552 1399 683 1452; x_wconf 69' lang='lat' dir='ltr'><strong>Ammona</strong></span> <span class='ocrx_word' id='word_1_13' title='bbox 699 1415 913 1466; x_wconf 84' lang='lat' dir='ltr'><strong>compressu,·pro</strong></span> <span class='ocrx_word' id='word_1_14' title='bbox 923 1399 1111 1467; x_wconf 75' lang='lat' dir='ltr'><strong>Amphitryone</strong></span> <span class='ocrx_word' id='word_1_15' title='bbox 1121 1415 1148 1452; x_wconf 90' lang='lat' dir='ltr'><strong>se</strong></span> <span class='ocrx_word' id='word_1_16' title='bbox 1159 1411 1320 1466; x_wconf 64' lang='lat' dir='ltr'><strong>persuasus·</strong></span> 
     </span>
     <span class='ocr_line' id='line_1_6' title="bbox 248 1482 1320 1548; baseline -0.002 -16"><span class='ocrx_word' id='word_1_17' title='bbox 248 1483 336 1547; x_wconf 79' lang='lat' dir='ltr'><strong>cepitt</strong></span> <span class='ocrx_word' id='word_1_18' title='bbox 354 1497 430 1548; x_wconf 85' lang='lat' dir='ltr'><strong>quem</strong></span> <span class='ocrx_word' id='word_1_19' title='bbox 441 1482 607 1548; x_wconf 73' lang='lat' dir='ltr'><strong>Eurystheus,</strong></span> <span class='ocrx_word' id='word_1_20' title='bbox 624 1497 669 1534; x_wconf 83' lang='lat' dir='ltr'><strong>rex</strong></span> <span class='ocrx_word' id='word_1_21' title='bbox 688 1483 868 1547; x_wconf 80' lang='lat' dir='ltr'><strong>Mycenarum,</strong></span> <span class='ocrx_word' id='word_1_22' title='bbox 878 1483 988 1534; x_wconf 83' lang='lat' dir='ltr'><strong>Junonis</strong></span> <span class='ocrx_word' id='word_1_23' title='bbox 1000 1484 1138 1534; x_wconf 87' lang='lat' dir='ltr'><strong>instructus</strong></span> <span class='ocrx_word' id='word_1_24' title='bbox 1154 1483 1232 1548; x_wconf 87' lang='lat' dir='ltr'><strong>dolis,</strong></span> <span class='ocrx_word' id='word_1_25' title='bbox 1245 1493 1275 1534; x_wconf 90' lang='lat' dir='ltr'><strong>ut</strong></span> <span class='ocrx_word' id='word_1_26' title='bbox 1285 1482 1320 1531; x_wconf 92' lang='lat' dir='ltr'><strong>sic</strong></span> 
     </span>
     <span class='ocr_line' id='line_1_7' title="bbox 246 1561 1319 1628; baseline -0.001 -17"><span class='ocrx_word' id='word_1_27' title='bbox 246 1563 354 1626; x_wconf 88' lang='lat' dir='ltr'><strong>periret,</strong></span> <span class='ocrx_word' id='word_1_28' title='bbox 363 1562 396 1612; x_wconf 87' lang='lat' dir='ltr'><strong>ad</strong></span> <span class='ocrx_word' id='word_1_29' title='bbox 408 1563 509 1612; x_wconf 87' lang='lat' dir='ltr'><strong>labores</strong></span> <span class='ocrx_word' id='word_1_30' title='bbox 522 1563 613 1612; x_wconf 88' lang='lat' dir='ltr'><strong>arduos</strong></span> <span class='ocrx_word' id='word_1_31' title='bbox 623 1561 748 1612; x_wconf 75' lang='lat' dir='ltr'><strong>incitavit.</strong></span> <span class='ocrx_word' id='word_1_32' title='bbox 782 1564 833 1615; x_wconf 80' lang='lat' dir='ltr'><strong>Qui</strong></span> <span class='ocrx_word' id='word_1_33' title='bbox 845 1571 932 1614; x_wconf 86' lang='lat' dir='ltr'><strong>tamen</strong></span> <span class='ocrx_word' id='word_1_34' title='bbox 944 1577 1045 1628; x_wconf 86' lang='lat' dir='ltr'><strong>semper</strong></span> <span class='ocrx_word' id='word_1_35' title='bbox 1054 1565 1138 1614; x_wconf 79' lang='lat' dir='ltr'><strong>vietor</strong></span> <span class='ocrx_word' id='word_1_36' title='bbox 1147 1565 1240 1614; x_wconf 83' lang='lat' dir='ltr'><strong>euasit.</strong></span> <span class='ocrx_word' id='word_1_37' title='bbox 1271 1563 1319 1611; x_wconf 75' lang='lat' dir='ltr'><strong>Ve-</strong></span> 
     </span>
     <span class='ocr_line' id='line_1_8' title="bbox 246 1641 1320 1706; baseline 0.001 -14"><span class='ocrx_word' id='word_1_38' title='bbox 246 1657 303 1692; x_wconf 88' lang='lat' dir='ltr'><strong>rurn</strong></span> <span class='ocrx_word' id='word_1_39' title='bbox 315 1643 393 1705; x_wconf 83' lang='lat' dir='ltr'><strong>eninr,</strong></span> <span class='ocrx_word' id='word_1_40' title='bbox 404 1644 499 1692; x_wconf 87' lang='lat' dir='ltr'><strong>ceteris</strong></span> <span class='ocrx_word' id='word_1_41' title='bbox 511 1643 633 1692; x_wconf 88' lang='lat' dir='ltr'><strong>monstris</strong></span> <span class='ocrx_word' id='word_1_42' title='bbox 644 1641 748 1692; x_wconf 80' lang='lat' dir='ltr'><strong>fortiter</strong></span> <span class='ocrx_word' id='word_1_43' title='bbox 760 1642 897 1706; x_wconf 88' lang='lat' dir='ltr'><strong>superatis,</strong></span> <span class='ocrx_word' id='word_1_44' title='bbox 914 1644 994 1692; x_wconf 84' lang='lat' dir='ltr'><strong>amori</strong></span> <span class='ocrx_word' id='word_1_45' title='bbox 1007 1644 1157 1694; x_wconf 79' lang='lat' dir='ltr'><strong>mulierosus</strong></span> <span class='ocrx_word' id='word_1_46' title='bbox 1174 1643 1320 1695; x_wconf 82' lang='lat' dir='ltr'><strong>succubuit.</strong></span> 
     </span>
     <span class='ocr_line' id='line_1_9' title="bbox 247 1721 1320 1789; baseline 0.002 -17"><span class='ocrx_word' id='word_1_47' title='bbox 247 1721 383 1787; x_wconf 78' lang='lat' dir='ltr'><strong>Deianira,</strong></span> <span class='ocrx_word' id='word_1_48' title='bbox 394 1722 471 1772; x_wconf 88' lang='lat' dir='ltr'><strong>OEnel</strong></span> <span class='ocrx_word' id='word_1_49' title='bbox 484 1725 552 1786; x_wconf 75' lang='lat' dir='ltr'><strong>regis</strong></span> <span class='ocrx_word' id='word_1_50' title='bbox 563 1722 699 1788; x_wconf 80' lang='lat' dir='ltr'><strong>Calydonis</strong></span> <span class='ocrx_word' id='word_1_51' title='bbox 709 1722 772 1787; x_wconf 87' lang='lat' dir='ltr'><strong>iilis,</strong></span> <span class='ocrx_word' id='word_1_52' title='bbox 781 1739 846 1774; x_wconf 78' lang='lat' dir='ltr'><strong>isaer</strong></span> <span class='ocrx_word' id='word_1_53' title='bbox 857 1725 920 1789; x_wconf 87' lang='lat' dir='ltr'><strong>ejus,</strong></span> <span class='ocrx_word' id='word_1_54' title='bbox 939 1731 992 1774; x_wconf 88' lang='lat' dir='ltr'><strong>tam</strong></span> <span class='ocrx_word' id='word_1_55' title='bbox 1008 1725 1136 1776; x_wconf 85' lang='lat' dir='ltr'><strong>illaudsto</strong></span> <span class='ocrx_word' id='word_1_56' title='bbox 1147 1726 1215 1777; x_wconf 91' lang='lat' dir='ltr'><strong>loles</strong></span> <span class='ocrx_word' id='word_1_57' title='bbox 1234 1739 1320 1776; x_wconf 88' lang='lat' dir='ltr'><strong>amore</strong></span> 
     </span>
     <span class='ocr_line' id='line_1_10' title="bbox 248 1801 1322 1872; baseline 0 -18"><span class='ocrx_word' id='word_1_58' title='bbox 248 1801 357 1866; x_wconf 82' lang='lat' dir='ltr'><strong>offensa,</strong></span> <span class='ocrx_word' id='word_1_59' title='bbox 373 1803 473 1866; x_wconf 78' lang='lat' dir='ltr'><strong>redigit</strong></span> <span class='ocrx_word' id='word_1_60' title='bbox 491 1803 529 1852; x_wconf 89' lang='lat' dir='ltr'><strong>illi</strong></span> <span class='ocrx_word' id='word_1_61' title='bbox 548 1802 581 1852; x_wconf 87' lang='lat' dir='ltr'><strong>ad</strong></span> <span class='ocrx_word' id='word_1_62' title='bbox 598 1803 708 1852; x_wconf 87' lang='lat' dir='ltr'><strong>animum</strong></span> <span class='ocrx_word' id='word_1_63' title='bbox 721 1810 781 1853; x_wconf 83' lang='lat' dir='ltr'><strong>ante</strong></span> <span class='ocrx_word' id='word_1_64' title='bbox 794 1811 883 1868; x_wconf 85' lang='lat' dir='ltr'><strong>partas</strong></span> <span class='ocrx_word' id='word_1_65' title='bbox 894 1805 1041 1855; x_wconf 86' lang='lat' dir='ltr'><strong>honestates</strong></span> <span class='ocrx_word' id='word_1_66' title='bbox 1062 1808 1240 1872; x_wconf 73' lang='lat' dir='ltr'><strong>praeclaraque</strong></span> <span class='ocrx_word' id='word_1_67' title='bbox 1260 1805 1322 1856; x_wconf 83' lang='lat' dir='ltr'><strong>iaci·</strong></span> 
     </span>
     <span class='ocr_line' id='line_1_11' title="bbox 247 1882 1323 1948; baseline 0.001 -14"><span class='ocrx_word' id='word_1_68' title='bbox 247 1898 322 1948; x_wconf 83' lang='lat' dir='ltr'><strong>nors,</strong></span> <span class='ocrx_word' id='word_1_69' title='bbox 332 1891 362 1934; x_wconf 91' lang='lat' dir='ltr'><strong>ut</strong></span> <span class='ocrx_word' id='word_1_70' title='bbox 373 1882 405 1934; x_wconf 89' lang='lat' dir='ltr'><strong>ad</strong></span> <span class='ocrx_word' id='word_1_71' title='bbox 417 1883 564 1947; x_wconf 83' lang='lat' dir='ltr'><strong>exemplum</strong></span> <span class='ocrx_word' id='word_1_72' title='bbox 577 1883 677 1932; x_wconf 87' lang='lat' dir='ltr'><strong>illorum</strong></span> <span class='ocrx_word' id='word_1_73' title='bbox 690 1897 748 1932; x_wconf 89' lang='lat' dir='ltr'><strong>suos</strong></span> <span class='ocrx_word' id='word_1_74' title='bbox 761 1883 815 1948; x_wconf 83' lang='lat' dir='ltr'><strong>jam</strong></span> <span class='ocrx_word' id='word_1_75' title='bbox 835 1897 920 1932; x_wconf 82' lang='lat' dir='ltr'><strong>mores</strong></span> <span class='ocrx_word' id='word_1_76' title='bbox 932 1885 1052 1936; x_wconf 76' lang='lat' dir='ltr'><strong>eastimet.</strong></span> <span class='ocrx_word' id='word_1_77' title='bbox 1079 1887 1145 1935; x_wconf 71' lang='lat' dir='ltr'><strong>Huc</strong></span> <span class='ocrx_word' id='word_1_78' title='bbox 1161 1896 1249 1936; x_wconf 84' lang='lat' dir='ltr'><strong>autern</strong></span> <span class='ocrx_word' id='word_1_79' title='bbox 1261 1886 1323 1935; x_wconf 89' lang='lat' dir='ltr'><strong>scri·</strong></span> 
     </span>
     <span class='ocr_line' id='line_1_12' title="bbox 247 1963 1326 2029; baseline 0.002 -15"><span class='ocrx_word' id='word_1_80' title='bbox 247 1965 588 2015; x_wconf 86' lang='lat' dir='ltr'><strong>beotinnutiaturextrema</strong></span> <span class='ocrx_word' id='word_1_81' title='bbox 600 1963 721 2013; x_wconf 85' lang='lat' dir='ltr'><strong>Herculis</strong></span> <span class='ocrx_word' id='word_1_82' title='bbox 743 1964 885 2028; x_wconf 85' lang='lat' dir='ltr'><strong>calamitas,</strong></span> <span class='ocrx_word' id='word_1_83' title='bbox 906 1979 981 2029; x_wconf 89' lang='lat' dir='ltr'><strong>quom</strong></span> <span class='ocrx_word' id='word_1_84' title='bbox 1003 1972 1077 2015; x_wconf 85' lang='lat' dir='ltr'><strong>veste</strong></span> <span class='ocrx_word' id='word_1_85' title='bbox 1092 1967 1169 2016; x_wconf 83' lang='lat' dir='ltr'><strong>Nessi</strong></span> <span class='ocrx_word' id='word_1_86' title='bbox 1189 1965 1326 2028; x_wconf 77' lang='lat' dir='ltr'><strong>Centauri,</strong></span> 
     </span>
     <span class='ocr_line' id='line_1_13' title="bbox 247 2043 1324 2110; baseline 0.003 -17"><span class='ocrx_word' id='word_1_87' title='bbox 247 2045 375 2094; x_wconf 85' lang='lat' dir='ltr'><strong>virulento</strong></span> <span class='ocrx_word' id='word_1_88' title='bbox 392 2043 517 2107; x_wconf 80' lang='lat' dir='ltr'><strong>sauguine</strong></span> <span class='ocrx_word' id='word_1_89' title='bbox 534 2043 627 2106; x_wconf 83' lang='lat' dir='ltr'><strong>tincta,</strong></span> <span class='ocrx_word' id='word_1_90' title='bbox 637 2043 764 2107; x_wconf 87' lang='lat' dir='ltr'><strong>ipsiquea</strong></span> <span class='ocrx_word' id='word_1_91' title='bbox 775 2058 802 2094; x_wconf 89' lang='lat' dir='ltr'><strong>se</strong></span> <span class='ocrx_word' id='word_1_92' title='bbox 814 2045 902 2107; x_wconf 75' lang='lat' dir='ltr'><strong>mima,</strong></span> <span class='ocrx_word' id='word_1_93' title='bbox 913 2047 1106 2110; x_wconf 86' lang='lat' dir='ltr'><strong>conciliaverat,</strong></span> <span class='ocrx_word' id='word_1_94' title='bbox 1116 2045 1159 2097; x_wconf 90' lang='lat' dir='ltr'><strong>cui</strong></span> <span class='ocrx_word' id='word_1_95' title='bbox 1171 2048 1257 2097; x_wconf 85' lang='lat' dir='ltr'><strong>inesse</strong></span> <span class='ocrx_word' id='word_1_96' title='bbox 1270 2048 1324 2096; x_wconf 81' lang='lat' dir='ltr'><strong>uim</strong></span> 
     </span>
     <span class='ocr_line' id='line_1_14' title="bbox 249 2123 1326 2191; baseline 0.004 -18"><span class='ocrx_word' id='word_1_97' title='bbox 249 2123 389 2176; x_wconf 82' lang='lat' dir='ltr'><strong>reuocandi</strong></span> <span class='ocrx_word' id='word_1_98' title='bbox 408 2139 467 2174; x_wconf 88' lang='lat' dir='ltr'><strong>eum</strong></span> <span class='ocrx_word' id='word_1_99' title='bbox 484 2124 520 2180; x_wconf 76' lang='lat' dir='ltr'><strong>als</strong></span> <span class='ocrx_word' id='word_1_100' title='bbox 540 2123 632 2173; x_wconf 87' lang='lat' dir='ltr'><strong>alienis</strong></span> <span class='ocrx_word' id='word_1_101' title='bbox 644 2124 773 2174; x_wconf 88' lang='lat' dir='ltr'><strong>amoribus</strong></span> <span class='ocrx_word' id='word_1_102' title='bbox 793 2125 937 2186; x_wconf 58' lang='lat' dir='ltr'><strong>credeban</strong></span> <span class='ocrx_word' id='word_1_103' title='bbox 963 2127 1114 2190; x_wconf 80' lang='lat' dir='ltr'><strong>gravissimo</strong></span> <span class='ocrx_word' id='word_1_104' title='bbox 1131 2127 1214 2191; x_wconf 80' lang='lat' dir='ltr'><strong>igitur</strong></span> <span class='ocrx_word' id='word_1_105' title='bbox 1234 2127 1326 2177; x_wconf 82' lang='lat' dir='ltr'><strong>dolore</strong></span> 
     </span>
     <span class='ocr_line' id='line_1_15' title="bbox 249 2203 1298 2272; baseline 0.003 -17"><span class='ocrx_word' id='word_1_106' title='bbox 249 2219 383 2272; x_wconf 82' lang='lat' dir='ltr'><strong>oppresse,</strong></span> <span class='ocrx_word' id='word_1_107' title='bbox 393 2203 493 2256; x_wconf 78' lang='lat' dir='ltr'><strong>facinus</strong></span> <span class='ocrx_word' id='word_1_108' title='bbox 502 2219 574 2254; x_wconf 84' lang='lat' dir='ltr'><strong>surum</strong></span> <span class='ocrx_word' id='word_1_109' title='bbox 585 2219 697 2269; x_wconf 82' lang='lat' dir='ltr'><strong>purgare</strong></span> <span class='ocrx_word' id='word_1_110' title='bbox 707 2205 811 2256; x_wconf 81' lang='lat' dir='ltr'><strong>studet:</strong></span> <span class='ocrx_word' id='word_1_111' title='bbox 829 2205 939 2272; x_wconf 87' lang='lat' dir='ltr'><strong>denique</strong></span> <span class='ocrx_word' id='word_1_112' title='bbox 952 2206 1092 2272; x_wconf 80' lang='lat' dir='ltr'><strong>susspendio</strong></span> <span class='ocrx_word' id='word_1_113' title='bbox 1102 2205 1176 2258; x_wconf 83' lang='lat' dir='ltr'><strong>linire</strong></span> <span class='ocrx_word' id='word_1_114' title='bbox 1187 2208 1298 2272; x_wconf 77' lang='lat' dir='ltr'><strong>cogitat.</strong></span> 
     </span>
    </p>
   </div>
   <div class='ocr_carea' id='block_1_6' title="bbox 216 2347 1115 2770">
    <p class='ocr_par' dir='ltr' id='par_1_6' title="bbox 216 2347 1115 2570">
     <span class='ocr_line' id='line_1_16' title="bbox 216 2347 1115 2450; baseline -0.003 -1"><span class='ocrx_word' id='word_1_115' title='bbox 216 2347 448 2450; x_wconf 66' lang='lat' dir='ltr'><strong>Gedrusos</strong></span> <span class='ocrx_word' id='word_1_116' title='bbox 463 2383 654 2448; x_wconf 87' lang='lat' dir='ltr'><strong>OEchaliam</strong></span> <span class='ocrx_word' id='word_1_117' title='bbox 671 2384 780 2448; x_wconf 87' lang='lat' dir='ltr'><strong>titulis</strong></span> <span class='ocrx_word' id='word_1_118' title='bbox 796 2385 960 2450; x_wconf 87' lang='lat' dir='ltr'><strong>accedere</strong></span> <span class='ocrx_word' id='word_1_119' title='bbox 974 2382 1115 2449; x_wconf 88' lang='lat' dir='ltr'><strong>nostris:</strong></span> 
     </span>
     <span class='ocr_line' id='line_1_17' title="bbox 258 2485 919 2570; baseline 0.003 -20"><span class='ocrx_word' id='word_1_120' title='bbox 258 2485 428 2550; x_wconf 84' lang='lat' dir='ltr'><strong>Victorem</strong></span> <span class='ocrx_word' id='word_1_121' title='bbox 443 2487 543 2551; x_wconf 80' lang='lat' dir='ltr'><strong>victae</strong></span> <span class='ocrx_word' id='word_1_122' title='bbox 559 2487 777 2550; x_wconf 81' lang='lat' dir='ltr'><strong>succubuisse</strong></span> <span class='ocrx_word' id='word_1_123' title='bbox 792 2506 919 2570; x_wconf 86' lang='lat' dir='ltr'><strong>queror.</strong></span> 
     </span>
    </p>

    <p class='ocr_par' dir='ltr' id='par_1_7' title="bbox 217 2585 1012 2770">
     <span class='ocr_line' id='line_1_18' title="bbox 217 2585 1012 2669; baseline 0.001 -19"><span class='ocrx_word' id='word_1_124' title='bbox 217 2586 325 2650; x_wconf 84' lang='lat' dir='ltr'><strong>Fama</strong></span> <span class='ocrx_word' id='word_1_125' title='bbox 339 2585 559 2668; x_wconf 78' lang='lat' dir='ltr'><strong>Pelasgiadas</strong></span> <span class='ocrx_word' id='word_1_126' title='bbox 575 2587 688 2650; x_wconf 88' lang='lat' dir='ltr'><strong>subito</strong></span> <span class='ocrx_word' id='word_1_127' title='bbox 703 2588 851 2669; x_wconf 87' lang='lat' dir='ltr'><strong>pervenit</strong></span> <span class='ocrx_word' id='word_1_128' title='bbox 865 2587 900 2650; x_wconf 90' lang='lat' dir='ltr'><strong>iu</strong></span> <span class='ocrx_word' id='word_1_129' title='bbox 911 2587 1012 2652; x_wconf 87' lang='lat' dir='ltr'><strong>urbes</strong></span> 
     </span>
     <span class='ocr_line' id='line_1_19' title="bbox 260 2686 874 2770; baseline 0 -18"><span class='ocrx_word' id='word_1_130' title='bbox 260 2687 417 2766; x_wconf 86' lang='lat' dir='ltr'><strong>Decolor,</strong></span> <span class='ocrx_word' id='word_1_131' title='bbox 434 2693 468 2751; x_wconf 85' lang='lat' dir='ltr'><strong>et</strong></span> <span class='ocrx_word' id='word_1_132' title='bbox 480 2686 582 2752; x_wconf 83' lang='lat' dir='ltr'><strong>lactis</strong></span> <span class='ocrx_word' id='word_1_133' title='bbox 596 2687 775 2752; x_wconf 87' lang='lat' dir='ltr'><strong>inficianda</strong></span> <span class='ocrx_word' id='word_1_134' title='bbox 789 2689 874 2770; x_wconf 86' lang='lat' dir='ltr'><strong>tuia;</strong></span> 
     </span>
    </p>
   </div>
   <div class='ocr_carea' id='block_1_7' title="bbox 216 2851 1324 2983">
    <p class='ocr_par' dir='ltr' id='par_1_8' title="bbox 216 2851 1324 2983">
     <span class='ocr_line' id='line_1_20' title="bbox 249 2851 1321 2918; baseline 0.003 -17"><span class='ocrx_word' id='word_1_135' title='bbox 249 2851 340 2902; x_wconf 58' lang='grc' dir='ltr'><strong>(ἔναιον</strong></span> <span class='ocrx_word' id='word_1_136' title='bbox 352 2852 487 2902; x_wconf 79' lang='lat' dir='ltr'><strong>OEeiolium</strong></span> <span class='ocrx_word' id='word_1_137' title='bbox 506 2853 657 2903; x_wconf 73' lang='lat' dir='ltr'><strong>osaammuri</strong></span> <span class='ocrx_word' id='word_1_138' title='bbox 675 2855 762 2904; x_wconf 81' lang='lat' dir='ltr'><strong>uestris</strong></span> <span class='ocrx_word' id='word_1_139' title='bbox 777 2855 878 2917; x_wconf 79' lang='lat' dir='ltr'><strong>elogiis.-</strong></span> <span class='ocrx_word' id='word_1_140' title='bbox 894 2867 978 2918; x_wconf 74' lang='lat' dir='ltr'><strong>pomer</strong></span> <span class='ocrx_word' id='word_1_141' title='bbox 994 2853 1107 2902; x_wconf 79' lang='lat' dir='ltr'><strong>rictorem</strong></span> <span class='ocrx_word' id='word_1_142' title='bbox 1124 2869 1139 2902; x_wconf 89' lang='lat' dir='ltr'><strong>o</strong></span> <span class='ocrx_word' id='word_1_143' title='bbox 1155 2855 1221 2904; x_wconf 80' lang='lat' dir='ltr'><strong>sieta</strong></span> <span class='ocrx_word' id='word_1_144' title='bbox 1234 2857 1321 2904; x_wconf 81' lang='lat' dir='ltr'><strong>siclam</strong></span> 
     </span>
     <span class='ocr_line' id='line_1_21' title="bbox 216 2916 1324 2983; baseline 0.002 -17"><span class='ocrx_word' id='word_1_145' title='bbox 216 2930 273 2970; x_wconf 85' lang='lat' dir='ltr'><strong>esse.</strong></span> <span class='ocrx_word' id='word_1_146' title='bbox 306 2916 476 2983; x_wconf 60' lang='lat' dir='ltr'><strong>turpissuma,</strong></span> <span class='ocrx_word' id='word_1_147' title='bbox 494 2923 518 2968; x_wconf 84' lang='lat' dir='ltr'><strong>et</strong></span> <span class='ocrx_word' id='word_1_148' title='bbox 529 2920 636 2981; x_wconf 77' lang='lat' dir='ltr'><strong>urgendo</strong></span> <span class='ocrx_word' id='word_1_149' title='bbox 647 2919 728 2977; x_wconf 82' lang='lat' dir='ltr'><strong>foetis</strong></span> <span class='ocrx_word' id='word_1_150' title='bbox 745 2920 801 2982; x_wconf 85' lang='lat' dir='ltr'><strong>tais,</strong></span> <span class='ocrx_word' id='word_1_151' title='bbox 817 2924 913 2983; x_wconf 83' lang='lat' dir='ltr'><strong>repente</strong></span> <span class='ocrx_word' id='word_1_152' title='bbox 931 2919 1049 2968; x_wconf 85' lang='lat' dir='ltr'><strong>odoolooit</strong></span> <span class='ocrx_word' id='word_1_153' title='bbox 1069 2919 1101 2966; x_wconf 88' lang='lat' dir='ltr'><strong>ud</strong></span> <span class='ocrx_word' id='word_1_154' title='bbox 1119 2917 1190 2969; x_wconf 75' lang='lat' dir='ltr'><strong>arbes</strong></span> <span class='ocrx_word' id='word_1_155' title='bbox 1205 2921 1306 2969; x_wconf 77' lang='lat' dir='ltr'><strong>Grecos</strong></span> <span class='ocrx_word' id='word_1_156' title='bbox 1314 2937 1324 2978; x_wconf 85' lang='lat'><strong>,-</strong></span> 
     </span>
    </p>
   </div>
   <div class='ocr_carea' id='block_1_8' title="bbox 247 3097 1323 3164">
    <p class='ocr_par' dir='ltr' id='par_1_9' title="bbox 247 3097 1323 3164">
     <span class='ocr_line' id='line_1_22' title="bbox 247 3097 1323 3164; baseline 0 -4"><span class='ocrx_word' id='word_1_157' title='bbox 247 3115 264 3160; x_wconf 78' lang='lat' dir='ltr'><strong>s</strong></span> <span class='ocrx_word' id='word_1_158' title='bbox 282 3111 320 3160; x_wconf 80' lang='lat' dir='ltr'><strong>Ad</strong></span> <span class='ocrx_word' id='word_1_159' title='bbox 331 3111 400 3161; x_wconf 80' lang='lat' dir='ltr'><strong>ories</strong></span> <span class='ocrx_word' id='word_1_160' title='bbox 417 3110 506 3162; x_wconf 83' lang='lat' dir='ltr'><strong>Codex</strong></span> <span class='ocrx_word' id='word_1_161' title='bbox 519 3109 600 3162; x_wconf 81' lang='lat' dir='ltr'><strong>D.—-t</strong></span> <span class='ocrx_word' id='word_1_162' title='bbox 617 3111 729 3163; x_wconf 83' lang='lat' dir='ltr'><strong>Discolor</strong></span> <span class='ocrx_word' id='word_1_163' title='bbox 744 3111 792 3164; x_wconf 83' lang='lat' dir='ltr'><strong>Gr.</strong></span> <span class='ocrx_word' id='word_1_164' title='bbox 806 3112 857 3164; x_wconf 92' lang='lat' dir='ltr'><strong>duo</strong></span> <span class='ocrx_word' id='word_1_165' title='bbox 869 3113 944 3164; x_wconf 87' lang='lat' dir='ltr'><strong>Voss.</strong></span> <span class='ocrx_word' id='word_1_166' title='bbox 965 3125 1023 3162; x_wconf 87' lang='lat' dir='ltr'><strong>cum</strong></span> <span class='ocrx_word' id='word_1_167' title='bbox 1035 3112 1120 3162; x_wconf 88' lang='lat' dir='ltr'><strong>altero</strong></span> <span class='ocrx_word' id='word_1_168' title='bbox 1132 3097 1239 3164; x_wconf 74' lang='lat' dir='ltr'><strong>lde—e</strong></span> <span class='ocrx_word' id='word_1_169' title='bbox 1260 3113 1323 3162; x_wconf 69' lang='lat' dir='ltr'><strong>l&#39;rlit</strong></span> 
     </span>
    </p>
   </div>
   <div class='ocr_carea' id='block_1_9' title="bbox 712 3233 819 3285">
    <p class='ocr_par' dir='ltr' id='par_1_10' title="bbox 712 3233 819 3285">
     <span class='ocr_line' id='line_1_23' title="bbox 712 3233 819 3285; baseline 0.009 -2"><span class='ocrx_word' id='word_1_170' title='bbox 712 3233 819 3285; x_wconf 69' lang='lat' dir='ltr'><strong>Nom</strong></span> 
     </span>
    </p>
   </div>
   <div class='ocr_carea' id='block_1_10' title="bbox 215 3327 1385 4156">
    <p class='ocr_par' dir='ltr' id='par_1_11' title="bbox 215 3327 1385 4080">
     <span class='ocr_line' id='line_1_24' title="bbox 250 3327 1217 3394; baseline 0.003 -17"><span class='ocrx_word' id='word_1_171' title='bbox 250 3329 263 3377; x_wconf 90' lang='lat'>1</span> <span class='ocrx_word' id='word_1_172' title='bbox 284 3327 428 3394; x_wconf 70' lang='lat' dir='ltr'><strong>OEciolmm]</strong></span> <span class='ocrx_word' id='word_1_173' title='bbox 445 3329 510 3380; x_wconf 84' lang='lat' dir='ltr'><strong>&#39;l&#39;res</strong></span> <span class='ocrx_word' id='word_1_174' title='bbox 521 3345 552 3382; x_wconf 90' lang='lat' dir='ltr'><strong>eo</strong></span> <span class='ocrx_word' id='word_1_175' title='bbox 561 3329 749 3380; x_wconf 82' lang='lat' dir='ltr'><strong>uominrurbes</strong></span> <span class='ocrx_word' id='word_1_176' title='bbox 822 3331 931 3394; x_wconf 79' lang='lat' dir='ltr'><strong>Nostris]</strong></span> <span class='ocrx_word' id='word_1_177' title='bbox 939 3329 1001 3389; x_wconf 79' lang='lat' dir='ltr'><strong>,Alii</strong></span> <span class='ocrx_word' id='word_1_178' title='bbox 1013 3329 1110 3379; x_wconf 85' lang='lat' dir='ltr'><strong>habent</strong></span> <span class='ocrx_word' id='word_1_179' title='bbox 1121 3333 1217 3380; x_wconf 82' lang='lat' dir='ltr'><strong>sostris.</strong></span> 
     </span>
     <span class='ocr_line' id='line_1_25' title="bbox 216 3405 1324 3471; baseline 0.007 -19"><span class='ocrx_word' id='word_1_180' title='bbox 216 3409 336 3454; x_wconf 82' lang='lat' dir='ltr'><strong>arretores</strong></span> <span class='ocrx_word' id='word_1_181' title='bbox 363 3406 544 3470; x_wconf 77' lang='lat' dir='ltr'><strong>mensincrunt,</strong></span> <span class='ocrx_word' id='word_1_182' title='bbox 562 3407 586 3456; x_wconf 91' lang='lat' dir='ltr'><strong>in</strong></span> <span class='ocrx_word' id='word_1_183' title='bbox 611 3405 750 3468; x_wconf 77' lang='lat' dir='ltr'><strong>Thessalis,</strong></span> <span class='ocrx_word' id='word_1_184' title='bbox 821 3411 837 3456; x_wconf 80' lang='lat'><strong>2</strong></span> <span class='ocrx_word' id='word_1_185' title='bbox 857 3407 986 3471; x_wconf 66' lang='lat' dir='ltr'><strong>lictorem]</strong></span> <span class='ocrx_word' id='word_1_186' title='bbox 1010 3407 1040 3456; x_wconf 91' lang='lat' dir='ltr'><strong>ld</strong></span> <span class='ocrx_word' id='word_1_187' title='bbox 1053 3414 1104 3468; x_wconf 83' lang='lat' dir='ltr'><strong>est,</strong></span> <span class='ocrx_word' id='word_1_188' title='bbox 1116 3407 1324 3460; x_wconf 84' lang='lat' dir='ltr'><strong>telolesarnore</strong></span> 
     </span>
     <span class='ocr_line' id='line_1_26' title="bbox 216 3480 1385 3556; baseline 0 -27"><span class='ocrx_word' id='word_1_189' title='bbox 216 3480 492 3544; x_wconf 66' lang='lat' dir='ltr'><strong>necestuosorum.</strong></span> <span class='ocrx_word' id='word_1_190' title='bbox 516 3485 670 3548; x_wconf 79' lang='lat' dir='ltr'><strong>Quianquam</strong></span> <span class='ocrx_word' id='word_1_191' title='bbox 687 3498 748 3533; x_wconf 90' lang='lat' dir='ltr'><strong>vero</strong></span> <span class='ocrx_word' id='word_1_192' title='bbox 788 3482 884 3532; x_wconf 84' lang='lat' dir='ltr'><strong>victum</strong></span> <span class='ocrx_word' id='word_1_193' title='bbox 897 3481 987 3532; x_wconf 84' lang='lat' dir='ltr'><strong>fuisse.</strong></span> <span class='ocrx_word' id='word_1_194' title='bbox 1384 3527 1385 3556; x_wconf 57' lang='lat'><strong>,</strong></span> 
     </span>
     <span class='ocr_line' id='line_1_27' title="bbox 216 3555 1385 3624; baseline 0.003 -18"><span class='ocrx_word' id='word_1_195' title='bbox 216 3556 285 3606; x_wconf 84' lang='lat' dir='ltr'><strong>inter</strong></span> <span class='ocrx_word' id='word_1_196' title='bbox 296 3565 409 3621; x_wconf 84' lang='lat' dir='ltr'><strong>ueteres,</strong></span> <span class='ocrx_word' id='word_1_197' title='bbox 427 3566 488 3608; x_wconf 85' lang='lat' dir='ltr'><strong>utra</strong></span> <span class='ocrx_word' id='word_1_198' title='bbox 506 3560 599 3624; x_wconf 82' lang='lat' dir='ltr'><strong>Euryti</strong></span> <span class='ocrx_word' id='word_1_199' title='bbox 611 3557 699 3620; x_wconf 86' lang='lat' dir='ltr'><strong>fuerit,</strong></span> <span class='ocrx_word' id='word_1_200' title='bbox 715 3558 748 3608; x_wconf 83' lang='lat' dir='ltr'><strong>sle</strong></span> <span class='ocrx_word' id='word_1_201' title='bbox 830 3557 1036 3620; x_wconf 75' lang='lat' dir='ltr'><strong>lll’elrsgiudus]</strong></span> <span class='ocrx_word' id='word_1_202' title='bbox 1082 3555 1201 3608; x_wconf 76' lang='lat' dir='ltr'><strong>Graues.</strong></span> <span class='ocrx_word' id='word_1_203' title='bbox 1235 3561 1324 3612; x_wconf 78' lang='lat' dir='ltr'><strong>Quan-</strong></span> <span class='ocrx_word' id='word_1_204' title='bbox 1384 3579 1385 3590; x_wconf 53' lang='lat'>2</span> 
     </span>
     <span class='ocr_line' id='line_1_28' title="bbox 216 3627 1326 3706; baseline 0.005 -24"><span class='ocrx_word' id='word_1_205' title='bbox 216 3635 514 3700; x_wconf 75' lang='lat' dir='ltr'><strong>quauuuc,ambigstur‚</strong></span> <span class='ocrx_word' id='word_1_206' title='bbox 523 3635 638 3699; x_wconf 88' lang='lat' dir='ltr'><strong>plerique</strong></span> <span class='ocrx_word' id='word_1_207' title='bbox 647 3641 747 3697; x_wconf 87' lang='lat' dir='ltr'><strong>postre·</strong></span> <span class='ocrx_word' id='word_1_208' title='bbox 789 3650 864 3700; x_wconf 79' lang='lat' dir='ltr'><strong>qurum</strong></span> <span class='ocrx_word' id='word_1_209' title='bbox 876 3636 944 3683; x_wconf 87' lang='lat' dir='ltr'><strong>enim</strong></span> <span class='ocrx_word' id='word_1_210' title='bbox 957 3635 1060 3696; x_wconf 70' lang='lat' dir='ltr'><strong>Pelasgi</strong></span> <span class='ocrx_word' id='word_1_211' title='bbox 1069 3627 1240 3706; x_wconf 71' lang='lat' dir='ltr'><strong>vetustissimi</strong></span> <span class='ocrx_word' id='word_1_212' title='bbox 1249 3638 1326 3688; x_wconf 72' lang='lat' dir='ltr'><strong>Gra·</strong></span> 
     </span>
     <span class='ocr_line' id='line_1_29' title="bbox 215 3711 1327 3776; baseline 0.001 -15"><span class='ocrx_word' id='word_1_213' title='bbox 215 3725 283 3762; x_wconf 87' lang='lat' dir='ltr'><strong>mam</strong></span> <span class='ocrx_word' id='word_1_214' title='bbox 295 3711 454 3776; x_wconf 79' lang='lat' dir='ltr'><strong>intelligunt.</strong></span> <span class='ocrx_word' id='word_1_215' title='bbox 487 3713 563 3762; x_wconf 82' lang='lat' dir='ltr'><strong>titum</strong></span> <span class='ocrx_word' id='word_1_216' title='bbox 576 3726 637 3760; x_wconf 83' lang='lat' dir='ltr'><strong>vero</strong></span> <span class='ocrx_word' id='word_1_217' title='bbox 650 3711 749 3760; x_wconf 87' lang='lat' dir='ltr'><strong>Hercu·</strong></span> <span class='ocrx_word' id='word_1_218' title='bbox 789 3713 837 3761; x_wconf 85' lang='lat' dir='ltr'><strong>ciae</strong></span> <span class='ocrx_word' id='word_1_219' title='bbox 850 3713 950 3774; x_wconf 87' lang='lat' dir='ltr'><strong>populi,</strong></span> <span class='ocrx_word' id='word_1_220' title='bbox 968 3726 983 3759; x_wconf 84' lang='lat' dir='ltr'><strong>a</strong></span> <span class='ocrx_word' id='word_1_221' title='bbox 1004 3711 1116 3774; x_wconf 78' lang='lat' dir='ltr'><strong>Pelasgo</strong></span> <span class='ocrx_word' id='word_1_222' title='bbox 1127 3711 1201 3762; x_wconf 83' lang='lat' dir='ltr'><strong>Joris</strong></span> <span class='ocrx_word' id='word_1_223' title='bbox 1212 3711 1266 3760; x_wconf 87' lang='lat' dir='ltr'><strong>filio</strong></span> <span class='ocrx_word' id='word_1_224' title='bbox 1279 3729 1327 3776; x_wconf 88' lang='lat' dir='ltr'><strong>ap·</strong></span> 
     </span>
     <span class='ocr_line' id='line_1_30' title="bbox 215 3785 1325 3852; baseline 0 -16"><span class='ocrx_word' id='word_1_225' title='bbox 215 3788 253 3836; x_wconf 89' lang='lat' dir='ltr'><strong>les</strong></span> <span class='ocrx_word' id='word_1_226' title='bbox 265 3787 435 3850; x_wconf 75' lang='lat' dir='ltr'><strong>expugnarit,</strong></span> <span class='ocrx_word' id='word_1_227' title='bbox 443 3787 510 3852; x_wconf 87' lang='lat' dir='ltr'><strong>quod</strong></span> <span class='ocrx_word' id='word_1_228' title='bbox 523 3788 572 3838; x_wconf 77' lang='lat' dir='ltr'><strong>eilsi</strong></span> <span class='ocrx_word' id='word_1_229' title='bbox 584 3787 658 3837; x_wconf 87' lang='lat' dir='ltr'><strong>Iolen</strong></span> <span class='ocrx_word' id='word_1_230' title='bbox 669 3789 748 3850; x_wconf 80' lang='lat' dir='ltr'><strong>Eury·</strong></span> <span class='ocrx_word' id='word_1_231' title='bbox 790 3787 1036 3850; x_wconf 79' lang='lat' dir='ltr'><strong>peilati‚Tlscssaliae</strong></span> <span class='ocrx_word' id='word_1_232' title='bbox 1046 3786 1113 3850; x_wconf 85' lang='lat' dir='ltr'><strong>parti</strong></span> <span class='ocrx_word' id='word_1_233' title='bbox 1127 3785 1218 3849; x_wconf 90' lang='lat' dir='ltr'><strong>primo,</strong></span> <span class='ocrx_word' id='word_1_234' title='bbox 1226 3786 1325 3836; x_wconf 86' lang='lat' dir='ltr'><strong>deinde</strong></span> 
     </span>
     <span class='ocr_line' id='line_1_31' title="bbox 216 3862 1326 3934; baseline 0 -22"><span class='ocrx_word' id='word_1_235' title='bbox 216 3870 258 3913; x_wconf 85' lang='lat' dir='ltr'><strong>tus</strong></span> <span class='ocrx_word' id='word_1_236' title='bbox 270 3871 356 3928; x_wconf 86' lang='lat' dir='ltr'><strong>pater,</strong></span> <span class='ocrx_word' id='word_1_237' title='bbox 366 3863 494 3934; x_wconf 80' lang='lat' dir='ltr'><strong>OEclialise</strong></span> <span class='ocrx_word' id='word_1_238' title='bbox 507 3879 562 3927; x_wconf 82' lang='lat' dir='ltr'><strong>rex,</strong></span> <span class='ocrx_word' id='word_1_239' title='bbox 584 3863 689 3928; x_wconf 86' lang='lat' dir='ltr'><strong>ejusque</strong></span> <span class='ocrx_word' id='word_1_240' title='bbox 700 3863 749 3913; x_wconf 88' lang='lat' dir='ltr'><strong>filli</strong></span> <span class='ocrx_word' id='word_1_241' title='bbox 790 3863 969 3926; x_wconf 79' lang='lat' dir='ltr'><strong>Peloponneso</strong></span> <span class='ocrx_word' id='word_1_242' title='bbox 983 3876 1075 3912; x_wconf 86' lang='lat' dir='ltr'><strong>nomen</strong></span> <span class='ocrx_word' id='word_1_243' title='bbox 1085 3862 1221 3923; x_wconf 82' lang='lat' dir='ltr'><strong>dederunt,</strong></span> <span class='ocrx_word' id='word_1_244' title='bbox 1233 3869 1326 3914; x_wconf 82' lang='lat' dir='ltr'><strong>tamen</strong></span> 
     </span>
     <span class='ocr_line' id='line_1_32' title="bbox 216 3935 1326 4003; baseline 0 -17"><span class='ocrx_word' id='word_1_245' title='bbox 216 3953 323 3988; x_wconf 79' lang='lat' dir='ltr'><strong>uxorem</strong></span> <span class='ocrx_word' id='word_1_246' title='bbox 350 3939 502 4003; x_wconf 88' lang='lat' dir='ltr'><strong>promissam</strong></span> <span class='ocrx_word' id='word_1_247' title='bbox 528 3942 662 4002; x_wconf 78' lang='lat' dir='ltr'><strong>negarent.</strong></span> <span class='ocrx_word' id='word_1_248' title='bbox 706 3939 747 3988; x_wconf 84' lang='lat' dir='ltr'><strong>Ex</strong></span> <span class='ocrx_word' id='word_1_249' title='bbox 789 3936 839 3998; x_wconf 80' lang='lat' dir='ltr'><strong>ipsi</strong></span> <span class='ocrx_word' id='word_1_250' title='bbox 857 3951 904 4000; x_wconf 87' lang='lat' dir='ltr'><strong>pro</strong></span> <span class='ocrx_word' id='word_1_251' title='bbox 923 3937 1039 3987; x_wconf 75' lang='lat' dir='ltr'><strong>culcibus</strong></span> <span class='ocrx_word' id='word_1_252' title='bbox 1060 3935 1162 3986; x_wconf 78' lang='lat' dir='ltr'><strong>Graecis</strong></span> <span class='ocrx_word' id='word_1_253' title='bbox 1179 3935 1326 4000; x_wconf 70' lang='lat' dir='ltr'><strong>saepissime</strong></span> 
     </span>
     <span class='ocr_line' id='line_1_33' title="bbox 216 4012 907 4080; baseline -0.001 -19"><span class='ocrx_word' id='word_1_254' title='bbox 216 4029 265 4077; x_wconf 79' lang='lat' dir='ltr'><strong>quse</strong></span> <span class='ocrx_word' id='word_1_255' title='bbox 277 4015 340 4064; x_wconf 90' lang='lat' dir='ltr'><strong>satis</strong></span> <span class='ocrx_word' id='word_1_256' title='bbox 349 4021 422 4077; x_wconf 89' lang='lat' dir='ltr'><strong>patet</strong></span> <span class='ocrx_word' id='word_1_257' title='bbox 432 4014 596 4080; x_wconf 79' lang='lat' dir='ltr'><strong>quamobrem</strong></span> <span class='ocrx_word' id='word_1_258' title='bbox 609 4013 747 4078; x_wconf 79' lang='lat' dir='ltr'><strong>Deianira,</strong></span> <span class='ocrx_word' id='word_1_259' title='bbox 790 4012 907 4061; x_wconf 81' lang='lat' dir='ltr'><strong>venium.</strong></span> 
     </span>
    </p>

    <p class='ocr_par' dir='ltr' id='par_1_12' title="bbox 218 4085 1326 4156">
     <span class='ocr_line' id='line_1_34' title="bbox 218 4085 1326 4156; baseline 0.004 -20"><span class='ocrx_word' id='word_1_260' title='bbox 218 4087 340 4138; x_wconf 85' lang='lat' dir='ltr'><strong>Herculis</strong></span> <span class='ocrx_word' id='word_1_261' title='bbox 359 4087 477 4154; x_wconf 62' lang='lat' dir='ltr'><strong>stronde</strong></span> <span class='ocrx_word' id='word_1_262' title='bbox 497 4088 589 4140; x_wconf 82' lang='lat' dir='ltr'><strong>codem</strong></span> <span class='ocrx_word' id='word_1_263' title='bbox 604 4087 750 4152; x_wconf 76' lang='lat' dir='ltr'><strong>gratuletur</strong></span> <span class='ocrx_word' id='word_1_264' title='bbox 822 4089 966 4156; x_wconf 74' lang='lat' dir='ltr'><strong>tDccolor]</strong></span> <span class='ocrx_word' id='word_1_265' title='bbox 988 4086 1097 4152; x_wconf 83' lang='lat' dir='ltr'><strong>Turpis:</strong></span> <span class='ocrx_word' id='word_1_266' title='bbox 1116 4085 1268 4152; x_wconf 75' lang='lat' dir='ltr'><strong>metaphora</strong></span> <span class='ocrx_word' id='word_1_267' title='bbox 1288 4089 1326 4140; x_wconf 87' lang='lat' dir='ltr'><strong>ab</strong></span> 
     </span>
    </p>
   </div>
   <div class='ocr_carea' id='block_1_11' title="bbox 220 4162 996 4230">
    <p class='ocr_par' dir='ltr' id='par_1_13' title="bbox 220 4162 996 4230">
     <span class='ocr_line' id='line_1_35' title="bbox 220 4162 996 4230; baseline 0.005 -18"><span class='ocrx_word' id='word_1_268' title='bbox 220 4169 394 4229; x_wconf 86' lang='lat' dir='ltr'><strong>etqueratur.</strong></span> <span class='ocrx_word' id='word_1_269' title='bbox 789 4162 996 4230; x_wconf 80' lang='lat' dir='ltr'><strong>inieclopauuo.</strong></span> 
     </span>
    </p>
   </div>
   <div class='ocr_carea' id='block_1_12' title="bbox 0 0 1405 4728">
    <p class='ocr_par' dir='ltr' id='par_1_14' title="bbox 0 0 1405 4728">
     <span class='ocr_line' id='line_1_36' title="bbox 0 0 1405 4728; baseline 0 0"><span class='ocrx_word' id='word_1_270' title='bbox 0 0 1405 4728; x_wconf 95' lang='lat' dir='ltr'><strong> </strong></span> 
     </span>
    </p>
   </div>
  </div>
 </body>
</html>
