2856 4734
561 337 773 398 messuro
1192 326 1218 404 ν

106 491 340 561 ‘monumentis
365 485 493 557 nullum
509 507 684 576 superesse
707 491 819 572 hodie,
834 492 870 557 in
885 497 954 578 qno
966 491 1045 577 plus
1059 477 1218 562 doetrinae

111 600 149 658 et
169 593 352 660 reconditae
365 591 574 676 antiquitatis
586 596 800 660 contineatur.
844 594 885 660 lu
905 595 1072 660 'l'ristibus
1092 603 1219 680 quanta

109 695 248 774 balias,
269 713 441 779 quamque
464 697 673 778 compositus
693 697 836 762 moerori
880 695 932 762 Ea
954 705 1046 762 eerte
1069 699 1151 764 latet
1182 700 1219 766 in

110 801 289 886 ejusluetu
299 801 508 885 jucunditas,
524 809 567 864 ut
578 808 611 865 et
626 802 761 865 exulare
782 809 817 865 et
829 819 967 866 nroerere
982 821 1085 866 suave
1097 802 1220 870 habere

110 903 242 988 aliquid
264 920 334 968 non
357 900 420 968 ahs
441 923 477 968 re
500 903 677 987 conjicias.
723 905 884 988 Denique,
906 923 949 970 ne
960 905 1021 968 tibi
1035 889 1221 990 voluptatis

111 1011 182 1071 tuse
203 1013 360 1090 tempora
387 1007 589 1091 prmripiam,
619 1007 783 1084 Laeron,
820 1008 1009 1072 naturalia
1033 1008 1222 1076 instituerat

113 1101 293 1174 Nasonem
320 1107 364 1173 ad
385 1127 426 1174 ea
446 1110 625 1194 loquenda,
647 1127 726 1199 qnae
750 1110 827 1193 ipsa
850 1109 883 1173 in
907 1109 1045 1191 singulis
1073 1115 1220 1194 cuperet,

111 1228 260 1295 quaeque
279 1225 395 1275 omnes
418 1218 652 1296 expectarent3
673 1219 741 1278 tarn
765 1215 933 1290 accurate,
963 1217 1120 1296 tantaque
1141 1231 1219 1278 eum

113 1315 288 1398 diligentia
305 1317 453 1399 parentis
474 1317 567 1383 illius
587 1318 831 1400 benignissimae
853 1317 1044 1381 instinctum
1065 1316 1222 1381 excolue-

112 1423 180 1494 rat,
190 1421 231 1479 ut
244 1435 309 1479 non
322 1417 419 1481 aliter
433 1437 534 1501 quam
549 1417 655 1502 perite
671 1421 704 1482 et
717 1417 907 1493 artificiose,
923 1435 1032 1499 neque
1043 1418 1102 1493 ita,
1117 1433 1222 1500 quana

111 1525 151 1582 ut
164 1519 354 1584 naturaliter
367 1526 401 1586 et
416 1519 622 1603 simpliciter,
638 1539 698 1584 seu
714 1520 837 1597 dicere,
854 1539 911 1582 seu
927 1517 1049 1595 secere,
1065 1519 1221 1602 quodque

116 1619 273 1684 omnibus
288 1621 456 1698 arrideret,
468 1639 571 1705 posse
583 1621 762 1686 videretur.
807 1617 940 1699 Quibus
949 1621 1222 1704 relurs,aliisque,

110 1739 204 1804 quas
218 1721 363 1805 prudens
390 1723 523 1802 omitto,
547 1723 581 1786 in
604 1743 666 1787 suo
681 1741 796 1805 genere
810 1721 992 1805 perfeetum
1005 1727 1104 1806 elque
1117 1723 1224 1804 inimi]-

115 1823 253 1887 labilem
268 1823 407 1888 Politam
430 1824 541 1908 quivis
564 1830 733 1906 agnoscat,
748 1825 804 1906 qni
825 1823 1002 1888 mellifluas
1024 1825 1095 1909 ejus
1118 1827 1223 1908 serip-

113 1928 208 1990 turas
232 1925 286 1989 rel
307 1926 423 2009 primis
458 1925 558 1990 labiis
591 1925 790 2008 degustarit.
839 1924 954 1989 Mores
986 1924 1105 1990 deiude
1133 1926 1223 2006 illius

110 2028 236 2108 quales
264 2015 387 2092 suerint
416 2027 497 2092 nihil
530 2047 620 2112 opus
655 2027 840 2111 exquirere.
896 2024 1099 2110 Quanquam
1134 2029 1223 2095 enirn

111 2127 252 2192 aliunde
265 2147 334 2194 non
355 2134 446 2194 esset
467 2135 689 2213 oompertum,
709 2127 808 2194 saeile
830 2147 875 2192 ex
899 2128 942 2192 iis
964 2147 1040 2211 quae
1062 2149 1225 2194 memora·

114 2231 228 2295 venus
251 2237 537 2312 oognoseerentur.
582 2229 720 2294 Candor
740 2231 867 2295 scilieet
886 2235 923 2294 et
943 2231 1064 2312 ingenii
1079 2231 1224 2298 facilitas

112 2331 400 2416 eiqueintegritas
423 2334 458 2396 in
481 2333 556 2397 illos
572 2333 723 2398 derivata
737 2351 865 2397 summe
891 2333 1052 2396 amabiles
1071 2351 1225 2398 necessa·

111 2435 169 2500 rio
192 2423 426 2519 praestitisset:
450 2439 487 2500 ut
505 2454 548 2499 ne
578 2433 710 2511 eddam,
735 2433 824 2516 quod
845 2433 1097 2498 humanioribus
1120 2435 1225 2504 literis

113 2557 223 2622 usque
236 2543 271 2604 et
284 2557 392 2621 usque
407 2537 617 2621 expolirerit.
659 2535 854 2601 Amicorum
869 2537 1083 2602 observantia
1106 2541 1140 2602 et
1154 2538 1226 2603 cul·

117 2645 175 2705 lus
185 2640 263 2724 quis
274 2641 385 2718 suerit,
394 2657 565 2725 nunquam
580 2639 715 2704 aliunde
730 2640 823 2718 satis,
834 2657 934 2722 quam
948 2659 993 2704 ex
1007 2639 1115 2725 ipsius
1127 2639 1226 2726 Epis*
1318 2693 1327 2702 .

67 2762 70 2768 ·
117 2743 198 2808 tulis
212 2741 379 2808 didiceris.
425 2743 557 2808 Naevos
571 2748 684 2807 tamen
695 2741 768 2825 ejus
785 2744 815 2806 si
834 2743 913 2826 quis
931 2745 1104 2822 notaverit,
1120 2763 1227 2830 quarr-
1263 2741 1269 2758 '

115 2831 298 2932 duquideur
311 2847 410 2911 homo
433 2846 506 2924 luit,
527 2845 680 2931 idemque
695 2844 870 2922 Ethnieus,
900 2843 1159 2930 haudquaquam
1177 2845 1227 2912 illi

117 2949 298 3016 admodum
312 2951 503 3034 repugnem,
527 2947 627 3012 modo
646 2967 686 3011 ne
705 2948 795 3012 ultra
819 2953 924 3012 metas
947 2947 1135 3030 expelletur
1150 2965 1226 3012 cen·-

118 3071 208 3116 sura.
253 3051 344 3117 Illud
372 3051 519 3117 maxime
543 3050 748 3135 culparerim
780 3057 904 3126 tamen,
937 3048 1027 3133 quod
1065 3049 1225 3132 nequitia

118 3173 205 3233 snae,
233 3159 332 3239 alque
356 3155 525 3228 amoribus
550 3154 812 3246 supramodum
842 3150 1039 3215 indulserit..
1069 3149 1228 3235 Namque

120 3267 222 3321 suam
236 3261 414 3339 utcumque
428 3275 593 3322 excusare
613 3257 787 3320 videantur
799 3253 973 3338 lasciviam
990 3257 1023 3318 el
1041 3252 1113 3337 joci
1136 3269 1227 3318 ama-

118 3355 220 3436 biles,
244 3363 277 3422 et
300 3377 409 3422 sermo
432 3357 651 3437 verecundus,
678 3365 737 3423 aut
759 3359 860 3423 etiam
882 3356 1046 3420 sactorum
1070 3357 1228 3439 negati03

120 3461 208 3545 ipsis
224 3462 298 3545 ejus
313 3463 460 3526 maxime
483 3462 618 3546 pudicis
642 3467 743 3546 atque
756 3459 904 3526 honestis
918 3461 1029 3524 verbis
1053 3477 1095 3525 eo
1116 3460 1228 3524 minus

119 3564 260 3628 honesta
273 3569 376 3647 atque
397 3563 524 3647 pudiea
537 3563 688 3628 admixta
700 3563 936 3644 intelliguntur,
952 3581 1020 3647 quo
1033 3561 1162 3646 flagitia
1186 3580 1232 3628 ea

119 3667 231 3750 magis
246 3666 364 3732 exilio
378 3665 501 3730 decoro
516 3665 678 3744 obvolvit,
693 3671 726 3730 et
740 3664 905 3749 placitura
919 3663 1124 3748 propinavit.
1160 3662 1209 3728 nt

115 3794 122 3806 ·
211 3765 351 3846 Qui,·ne
365 3767 534 3832 tuberibus
543 3768 694 3851 'propriis
709 3766 853 3831 offendat
867 3768 1023 3844 amicum,
1142 3785 1144 3792 ·

115 3885 122 3892 ·
210 3869 389 3954 Postulat3
413 3872 567 3952 ignoscat
580 3871 730 3935 verrucis
744 3869 843 3934 illius.
888 3869 1035 3953 AEquum
1048 3871 1102 3932 est
1149 3915 1158 3924 .

114 3991 119 4003 ·
174 4041 176 4045 ,
210 3967 368 4037 Peucolis
381 3970 511 4036 reniam
525 3977 719 4056 poscentem
732 3971 867 4035 reddere
880 3987 1005 4036 rursus.
1159 3969 1162 3974 ’

117 4069 276 4139 Nimiam
299 4071 435 4157 insuper
458 4069 662 4160 felicissima
685 4071 809 4137 indolis
832 4073 1028 4150 ubertatem,
1053 4089 1130 4154 quas
1155 4081 1230 4146 sese

119 4175 233 4242 minus
239 4171 447 4260 juvenilibus
462 4175 560 4240 annis
582 4175 768 4259 presertim
783 4173 980 4251 contineret,
995 4171 1229 4240 laudatissimo
