2856 4734
220 283 266 350 82
524 295 759 350 ruarruoura
785 293 831 348 m·
853 293 1010 350 rumora

587 435 665 506 Iib-
680 457 762 504 vrrr.
777 439 942 524 Epigdd.

352 575 433 642 Nou
445 596 499 641 me
511 575 683 676 Pelignus,
695 598 758 645 uec
773 585 906 664 spernet
922 573 1065 641 Mantua
1077 555 1201 655 vatam,

395 677 434 742 si
448 695 518 760 qua
529 677 676 744 Corinna
690 678 783 758 milri,
796 681 827 744 si
842 681 918 764 quis
933 676 1056 743 Alexis
1071 677 1143 745 erit.

351 839 481 908 Auctor
495 841 537 907 de
551 845 664 908 causis
678 849 843 928 couuptoe
858 845 1068 930 eloquentiae,
1083 863 1158 929 cap.
1169 843 1227 910 12

266 976 342 1044 Nec
367 978 454 1043 ullus
474 977 586 1043 Asinii
613 985 672 1044 aut
701 978 860 1045 Messalae
874 979 959 1045 liber
974 986 1041 1044 tam
1056 977 1207 1058 illustris,
1228 997 1332 1064 quam

223 1077 349 1144 Medea
359 1076 485 1144 Ovidii.

410 1245 540 1310 Statius
555 1245 613 1309 lib.
627 1262 666 1310 ιι.
682 1245 767 1311 Silv.
784 1262 850 1312 vrr.
866 1265 953 1312 vers.
967 1245 1024 1312 ⁷5.

351 1365 458 1432 Cedet
471 1388 569 1433 musa
582 1369 675 1433 rudis
690 1369 810 1436 ferocis
825 1370 924 1452 Enni,
942 1353 946 1360 ¹

350 1467 395 1534 Et
409 1469 503 1535 docti
517 1469 610 1535 furor
624 1470 752 1535 arduus
768 1471 918 1552 Lucreti,

351 1569 397 1636 Et
409 1570 468 1654 qui
484 1590 625 1654 corpora
638 1574 746 1654 prima
760 1574 981 1656 transfigurat.

447 1735 646 1820 Spartianus
672 1740 709 1804 in
732 1739 826 1805 AElio
848 1738 940 1806 Vero
964 1761 1040 1825 cap.
1067 1742 1101 1807 4.

276 1873 388 1939 AElius
412 1870 526 1937 Verus
556 1870 671 1939 Ovidii
700 1875 803 1940 libros
829 1859 990 1940 limorum
1019 1877 1055 1940 in
1083 1875 1172 1940 lecto
1194 1893 1331 1959 semper

222 1976 347 2040 habuit.

351 2108 545 2176 Lactamlus
570 2111 638 2174 lin·
654 2125 680 2174 r.
705 2111 748 2175 de
775 2111 877 2176 Falsa
900 2111 1060 2194 religione
1073 2131 1147 2196 cap.
1163 2113 1197 2177 5.

264 2241 409 2310 Ovidius
434 2261 566 2328 quoqne
591 2245 628 2308 in
650 2244 820 2329 principio
849 2244 1003 2327 praeclari
1028 2245 1140 2328 opens
1164 2245 1240 2312 siue
1257 2245 1331 2312 ulla

221 2349 363 2415 nominis
381 2349 642 2414 dissimulatione
668 2369 691 2412 a
710 2348 798 2426 Deo,
822 2367 922 2431 quem
941 2347 1176 2414 fabricatorem
1200 2348 1331 2426 muudi,

222 2455 318 2535 quem
338 2468 447 2514 rerum
462 2449 616 2533 opiticum
630 2455 740 2526 vocat,
755 2447 913 2514 mundum
937 2448 1058 2513 latetur
1076 2449 1285 2514 instructum.

475 2599 712 2684 Hieronymus,
726 2598 761 2662 in
774 2595 902 2662 Oseam
916 2615 994 2679 cap.
1010 2595 1065 2662 11.

265 2730 383 2815 Hujus
394 2730 470 2798 Beli
485 2733 689 2810 Semiramis,
704 2731 748 2796 dc
762 2751 829 2817 qna
841 2731 946 2796 multa
961 2738 997 2795 et
1010 2728 1161 2795 miranda
1183 2730 1335 2798 rosemu-

220 2841 287 2911 tur,
302 2851 415 2898 muros
439 2833 624 2916 Babylonis
644 2833 825 2910 exstmxit,
840 2831 883 2897 de
898 2849 966 2914 qua
983 2831 1122 2913 insignis
1137 2829 1248 2898 Poiita
1263 2839 1335 2898 tes-

221 2939 309 3002 tatur
323 2935 381 2999 lib.
396 2952 447 3000 ru.
465 2934 550 2999 Met.
564 2935 621 2998 55.

568 3033 682 3112 Quam
697 3034 820 3100 dicitur
836 3031 917 3098 olim

308 3136 492 3203 coctilibus
507 3137 611 3200 muris
626 3136 773 3200 cinxisse
787 3135 982 3201 Samiramis
996 3138 1123 3200 urbem.

405 3300 519 3366 Julius
534 3301 685 3406 Scaliger
699 3302 735 3366 in
749 3299 998 3384 Hyperoritico,
1013 3320 1049 3384 p.
1065 3299 1140 3366 788.

271 3435 351 3500 Jam
375 3455 454 3502 vero
476 3437 520 3501 ad
543 3455 618 3501 eum
642 3437 853 3520 pervenimus
877 3437 1004 3513 locum,
1040 3435 1076 3499 in
1109 3455 1179 3518 quo
1205 3435 1335 3520 ingenii

220 3537 413 3620 magnitudo
429 3542 462 3602 et
471 3557 610 3602 acumen
621 3537 743 3622 judicii
753 3535 939 3602 exercenda
953 3539 1037 3600 sunt.
1082 3534 1171 3614 Quis
1184 3538 1276 3602 onim
1290 3539 1332 3603 de

223 3636 349 3703 Ouidio
363 3640 446 3702 satis
461 3639 559 3722 digne
573 3639 682 3704 dicare
694 3641 814 3724 possit,
823 3639 941 3702 nedum
951 3643 988 3702 ut
998 3637 1120 3703 audeat
1130 3657 1207 3702 eum
1219 3658 1333 3724 reprc-

219 3739 373 3819 hcndere‚
392 3743 453 3804 &a

294 3889 350 3955 Ex
364 3889 387 3956 J
389 3889 510 3975 osephi
525 3891 688 3974 Scaligeri
702 3889 955 3974 Prolegomeuis
968 3888 1176 3966 Manilium,
1190 3891 1253 3954 dte.

286 4023 363 4092 Uno
395 4024 537 4092 uincitur
567 3989 737 4113 (nimirum
770 4021 955 4111 Manilius)
991 4025 1083 4110 quod
1111 4042 1180 4089 nou
1215 4027 1335 4109 potest
