2856 4734
334 787 761 940 rasururoutu
799 789 890 882 ΕΤ
925 722 1205 884 Junrcrn

742 1041 794 1090 DE

502 1221 551 1295 P.
579 1215 774 1294 ovmro
802 1213 1038 1294 Nascus.

635 1451 909 1566 ...L-3...-

301 1755 304 1762 ’
441 1803 644 1872 Vossiusde
659 1804 779 1888 rosas
796 1805 927 1871 munis
943 1823 1020 1889 cap.
1036 1803 1090 1870 11.

216 1941 382 2034 Omns.
413 1981 547 2031 oxorx.
573 1983 662 2030 anno
685 1965 717 2028 1.
742 1962 885 2030 Ovidius
908 1961 1018 2030 Poeta
1044 1963 1079 2029 in
1104 1961 1211 2028 exilio
1235 1963 1323 2029 diem
1371 2049 1377 2057 .

216 2069 312 2147 obiit,
327 2073 360 2133 et
367 2068 468 2153 juxta
480 2066 643 2152 oppidum
657 2065 784 2131 Tomos
798 2067 968 2150 sepelitur.

259 2169 350 2236 Inter
375 2175 486 2235 cetera
507 2169 595 2254 ejus,
616 2187 694 2254 quae
708 2168 825 2232 referre
838 2168 921 2232 nihil
935 2170 1065 2248 attinet,
1081 2185 1157 2233 cnm
1174 2169 1326 2234 omnium
1413 2173 1414 2208 r

214 2273 369 2338 manibus
383 2278 542 2350 versetur,
558 2275 635 2336 sunt
649 2268 815 2354 Epistulae
831 2269 1033 2350 Heroidum,
1050 2269 1110 2334 sed
1124 2287 1190 2333 non
1204 2287 1325 2346 omnes

214 2380 292 2440 sunt
305 2373 604 2457 uniusscriptoris:
618 2373 692 2456 ipse
712 2369 770 2436 lih.
789 2387 830 2435 ιι.
841 2367 1003 2436 Amorum
1020 2369 1103 2454 eleg.
1119 2369 1173 2436 18.
1188 2377 1228 2434 nt
1241 2387 1324 2435 suas

214 2475 378 2557 agnoscit,
392 2474 484 2539 illam
508 2473 697 2558 Penelopes
723 2473 771 2566 ad
786 2471 935 2551 Ulixem,
958 2471 1122 2558 Phyllidis
1137 2471 1181 2537 ad
1196 2471 1325 2538 Demo·

214 2571 404 2656 phoontem,
419 2575 572 2642 Canaces
584 2576 628 2640 ad
645 2575 849 2654 Macareum,
866 2575 1075 2660 Hypsipyles
1090 2573 1133 2640 ad
1147 2573 1170 2640 J
1172 2593 1324 2655 usonem,

214 2670 383 2738 Ariadnes
401 2675 445 2739 ad
459 2675 640 2755 Theseum,
656 2676 812 2743 Phaedrae
832 2679 880 2743 ad·
893 2675 1130 2763 Hippolytum,
1150 2677 1263 2743 Didus
1278 2677 1325 2742 ad

216 2775 373 2855 AEueam,
399 2777 478 2844 item
499 2777 663 2864 Sapphus
690 2779 733 2844 ad
757 2781 944 2848 Phaonem.
989 2779 1056 2846 Sed
1075 2778 1215 2864 Josephi
1237 2779 1324 2845 Sca·

214 2877 308 2961 ligeri
325 2879 458 2965 judicio
479 2888 647 2964 praeterea
670 2884 745 2968 ejus
771 2883 926 2950 videntur
957 2883 1051 2950 istae:
1086 2880 1251 2948 Briseidis
1276 2881 1323 2947 ad

215 2976 392 3059 Achillem,
417 2983 572 3048 OEnones
602 2984 646 3050 ad
672 2985 842 3064 Paridem,
863 2987 1064 3058 Hermiones
1088 2993 1133 3061 ad
1152 2994 1321 3074 Orestem,

216 3081 387 3148 Deianirae
402 3084 445 3149 ad
461 3085 654 3162 Herculem,
676 3084 830 3154 Canaces
845 3089 888 3154 ad
905 3089 1113 3175 Macareum,
1129 3097 1263 3164 Medeae
1277 3098 1322 3163 ad

212 3181 386 3264 Iasonem,
412 3186 608 3254 Laodamia
634 3190 678 3256 ad
708 3189 944 3272 Protesilaum,
976 3195 1251 3281 Hypermnestrae
1278 3201 1323 3266 ad

215 3281 336 3348 Linum
355 3289 427 3350 sive
443 3287 630 3371 Lynceum3
654 3309 732 3373 quae
748 3298 858 3358 autem
879 3294 995 3360 Sabini
1016 3301 1131 3381 potius
1147 3300 1323 3370 videantur

214 3383 350 3450 inferius
373 3385 513 3451 dicetur.
565 3387 677 3453 Etiam
707 3387 852 3458 Ovidius
875 3398 1045 3464 transtulit
1070 3399 1208 3482 Aratea,
1233 3405 1322 3471 unde

214 3482 303 3549 duos
318 3505 433 3550 versus
448 3487 582 3554 Probus
596 3490 736 3557 adducit
749 3493 782 3556 in
795 3494 917 3581 Georg.

257 3584 368 3650 Multa
386 3591 522 3672 scripsit
535 3590 679 3658 Ovidius
692 3613 771 3676 quse
787 3596 1006 3681 deperierunt,
1020 3611 1059 3670 ut
1072 3616 1150 3673 sunt
1165 3625 1218 3673 vt.
1235 3609 1321 3676 Fas·

213 3691 323 3751 torum
349 3687 424 3751 libri
457 3693 672 3773 posteriores,
709 3695 943 3766 laudatissima
973 3703 1154 3790 Tragoedia
1183 3705 1318 3790 Medea,

214 3787 450 3868 Phaenomena,
479 3793 649 3872 vaticinia,
686 3797 803 3862 laudes
835 3801 993 3885 Augusti,
1019 3809 1103 3874 liber
1139 3813 1173 3875 in
1209 3813 1318 3880 malos

214 3887 349 3966 Polites,
365 3892 650 3975 epigrammate
670 3899 791 3982 quihus
810 3922 922 3968 versus
944 3908 1000 3972 ille
1020 3912 1109 3996 apud
1125 3912 1318 3981 Martialem

213 3989 409 4070 insecundo
424 3994 526 4077 epigr.

343 4091 445 4174 Ride,
460 4097 489 4160 si
505 4099 610 4182 sapis,
628 4118 649 4163 o
665 4101 786 4184 puella,
801 4104 881 4171 ride.
