2856 4734
555 365 764 414 sacrario.
1168 351 1210 418 11

95 509 284 590 laureolam
305 509 399 594 queri
422 511 546 596 possit,
573 511 661 595 quod
685 512 809 596 passim
837 531 1053 596 quaecumque
1075 511 1118 577 ad
1136 531 1213 579 sco·

99 633 182 700 pum
198 620 356 698 spectare
371 613 584 691 credidimus,
605 620 717 678 nostra
735 614 917 691 fecerimus,
943 615 1087 691 tametsi,
1102 634 1214 698 spero,

99 722 194 783 etex
209 716 348 800 proprio
362 736 464 780 censu
480 717 639 780 nonnulla
660 736 724 780 non
740 716 980 798 contemnenda
994 715 1211 795 hauserimus,

97 819 329 884 lubentissime
357 825 466 881 tamen
491 818 600 881 cuivis
624 816 707 881 illud
730 823 847 896 lotum,
874 823 973 901 atque
1007 817 1072 882 alia
1103 819 1215 883 omnia

98 929 248 1005 accepta
264 921 394 998 ,habere
409 920 601 990 dixerimus.
648 917 783 990 Nicolai
800 919 1020 996 Heinsii,viri
1042 919 1084 982 de
1107 919 1212 984 literis

98 1023 356 1087 humanioribus
385 1023 510 1105 optime
545 1021 668 1098 meriti,
703 1021 883 1104 cujusque
904 1019 1092 1085 recordatio
1117 1022 1215 1086 bonis

99 1143 181 1189 cara
207 1143 341 1208 semper
367 1125 480 1201 fuerit,
519 1124 626 1188 secuti
658 1144 773 1188 sumus
805 1123 1063 1201 emendationes,
1089 1125 1215 1208 quippe

99 1245 188 1310 quas
204 1245 252 1289 ex
278 1223 364 1290 Mss.
390 1225 468 1304 fide,
490 1245 625 1295 summa
648 1225 819 1312 diligentia
842 1227 1058 1292 confirmavit.
1102 1224 1214 1309 Atque

99 1328 261 1412 equidem
291 1327 401 1407 illum,
436 1326 513 1412 qnia
542 1329 707 1394 immutati
740 1333 852 1392 textus
877 1329 1022 1410 vulgaris
1046 1327 1217 1394 reddenda

100 1432 189 1498 ratio
211 1430 285 1510 suit,
301 1431 522 1518 appellamus.
567 1431 692 1496 Ceteris
707 1449 807 1515 quam
833 1435 1035 1507 meruerunt,
1051 1448 1211 1513 suamque

100 1539 267 1619 praestant
282 1533 411 1600 illorum
425 1533 510 1598 bene
526 1533 653 1616 scripta
667 1537 702 1596 et
716 1531 815 1609 sacta,
828 1550 889 1614 ego
902 1532 1080 1596 homuncio
1099 1551 1216 1614 augere

100 1635 238 1700 laudem
253 1654 322 1700 non
334 1655 484 1720 possum,
501 1655 600 1719 quam
622 1636 806 1700 maximam
822 1653 936 1699 omnes
951 1633 1077 1700 saciant
1093 1634 1215 1719 quibus

100 1739 312 1810 innotescent
344 1757 388 1804 ex
413 1737 525 1805 animo
553 1757 721 1804 voremus.
758 1736 995 1816 ,Quamobrem
1013 1738 1078 1801 rita
1102 1737 1215 1821 potius

103 1857 205 1922 agere
231 1839 399 1904 decretum
420 1839 519 1903 fuerit
541 1839 613 1902 dixi
646 1839 689 1903 ad
727 1837 942 1902 Sallustium:
975 1857 1116 1921 cumque
1138 1837 1216 1902 ideo

102 1941 219 2005 nullus
242 1946 445 2024 conquestus
460 1941 518 2020 sit,
532 1961 597 2006 non
613 1942 684 2006 sine
708 1960 812 2005 causa
827 1940 958 2004 laesisse
972 1959 1025 2003 me
1039 1938 1215 2018 neminem,

104 2049 325 2126 utnunquam
340 2043 376 2106 in
399 2043 545 2108 animum
565 2042 685 2106 induxi
709 2061 833 2119 meum,
856 2059 897 2105 ea
923 2042 1053 2106 ratione
1080 2040 1216 2107 credidi.

105 2143 143 2208 Si
170 2163 240 2228 qua
264 2162 342 2208 vero
365 2149 423 2208 aut
447 2146 593 2227 cogitare
614 2147 690 2228 ipse
714 2141 903 2228 comque,
930 2147 988 2207 aut
1009 2161 1052 2206 cx
1076 2143 1218 2207 aliorum

103 2245 396 2312 lucubrationibus
418 2245 560 2310 fideliter
578 2244 753 2309 admonere
777 2243 916 2321 institui,
943 2245 1127 2308 maximum
1153 2245 1218 2310 tibi

103 2347 214 2414 rideri
229 2343 341 2424 debet,
357 2346 445 2430 quod
460 2345 530 2424 illa,
554 2345 745 2430 cuiusmodi
769 2363 844 2408 esse
858 2345 1042 2422 videantur,
1067 2363 1128 2427 per
1148 2341 1219 2408 edis

104 2451 231 2516 tionem
246 2448 383 2513 nitidam
408 2454 508 2532 atque
526 2452 720 2513 accuratam
746 2447 807 2518 tibi
834 2444 946 2510 statim
970 2449 1004 2509 et
1029 2447 1100 2510 sine
1128 2446 1219 2512 omni

102 2554 227 2618 labora
240 2557 392 2635 pateant.
440 2551 535 2616 Illam
550 2569 694 2634 namque
707 2548 901 2633 procuravit
917 2553 1015 2631 atque
1029 2548 1220 2615 emendavit

105 2653 136 2720 1.
153 2653 372 2730 Anissonius,
398 2653 592 2736 Bibliopola
608 2649 852 2734 Lugdunensis,
877 2649 973 2733 cujus
997 2651 1218 2717 eruditionem

104 2757 137 2825 si
151 2760 321 2841 pateretur
335 2755 409 2838 ejus
427 2753 605 2830 modestia,
629 2751 728 2818 facilc
753 2753 961 2830 asseruerim,
986 2755 1107 2836 cuique
1133 2753 1218 2818 adeo

103 2865 212 2924 mmm
235 2875 321 2941 opos
345 2856 545 2921 concredere
566 2874 632 2920 non
659 2857 729 2919 sine
758 2873 862 2919 causa
887 2853 968 2918 mihi
981 2855 1116 2938 rampe
1143 2854 1219 2920 fuit.

105 2959 195 3025 Cum
210 2957 325 3023 notior
339 2957 395 3035 sit,
411 2977 512 3042 quam
527 2965 565 3022 ut
579 2955 866 3022 commendatione
880 2973 955 3019 mea
969 2953 1128 3036 indigeat,
1142 2956 1218 3034 tibi,

105 3063 275 3141 Laeron,
289 3079 358 3125 non
379 3059 441 3137 illi,
463 3075 657 3144 quanquam
680 3063 714 3122 et
738 3055 830 3121 istud
849 3056 997 3120 maxime
1021 3056 1217 3140 cupiverim,

105 3167 185 3251 ans
204 3165 298 3228 sacta
317 3163 484 3226 mentione
497 3158 823 3248 pmspocturnrolui.
867 3157 959 3222 Vive
973 3157 1172 3238 veroleetus,
1185 3165 1220 3228 et
1256 3167 1261 3176 '

104 3260 234 3334 nostris
250 3263 429 3332 conatibus
442 3263 533 3332 iare.

582 3419 588 3428 ·
695 3386 1177 3500 naman‘cmsrmus
1197 3384 1211 3494 ζ
