2856 4734
208 311 235 380 2
666 321 859 372 EPIS'l'oer.

211 475 318 558 perat,
333 487 411 554 qnae
428 465 581 549 Augusto
606 483 669 531 sno
693 471 853 548 tanquam
868 462 1023 547 prasenti
1047 467 1149 546 atque
1163 467 1322 548 aspecta·

209 575 269 640 bili
297 573 429 637 numine
461 567 621 652 quopiam
657 567 868 650 gloriabatur.
911 563 971 642 At,
1001 563 1144 648 nequid
1169 563 1215 630 de
1240 565 1321 630 sede

211 675 320 742 dicam
355 675 457 756 regia,
483 671 579 755 cujus
605 675 728 736 statum
751 673 850 752 atque
873 666 1031 744 ordinem,
1059 665 1177 746 decus,
1206 669 1321 752 splen·

212 778 338 854 dorem,
353 777 485 859 aliaque
507 772 625 837 nullibi
654 770 894 856 conspicienda
921 789 1021 834 nemo
1048 770 1230 854 qnisquam
1250 789 1320 834 non

212 879 407 956 admiretur;
439 882 617 959 postquam
652 873 707 938 bic
732 872 885 936 homines
912 871 992 936 Diis
1021 872 1092 962 spis
1129 873 1320 956 superiores

212 979 356 1046 advertit
390 977 497 1055 Naso,
530 981 629 1060 teque
665 965 801 1060 iusuper
826 972 924 1052 vidit,
954 971 1116 1058 Princeps
1152 973 1320 1057 Auguste,

212 1083 401 1150 Lunovrcr
433 1077 567 1142 Manui
594 1097 687 1154 cura,
715 1095 817 1162 quem
841 1095 901 1159 per
928 1081 996 1140 tam
1023 1077 1157 1158 longam
1187 1076 1320 1160 Regum

213 1187 343 1262 scriem,
370 1188 530 1266 tantoque
553 1200 660 1246 rerum
687 1179 857 1243 molimine
879 1177 968 1243 Fata
994 1198 1058 1262 pro
1080 1177 1226 1264 hujusce
1252 1180 1321 1247 aevi

198 1287 320 1370 ‘gloria
332 1291 366 1351 et
380 1287 551 1353 saurtitate
565 1285 601 1348 in
615 1283 729 1350 orbem
757 1283 962 1360 invexerunt,
977 1285 1058 1346 tunc
1080 1299 1173 1360 vero,
1200 1283 1232 1348 si
1253 1303 1321 1349 non

211 1389 248 1454 in
263 1395 370 1454 totum
384 1387 449 1453 sibi
471 1387 634 1451 barbarus
659 1385 755 1448 visus
774 1388 838 1461 est,
853 1387 979 1447 mutum
1001 1403 1082 1448 sane
1104 1383 1176 1448 lieri
1202 1392 1322 1472 stupor

212 1490 378 1575 optimum
402 1509 477 1554 esse
505 1488 680 1572 persuasit.
724 1485 782 1550 Ad
796 1489 912 1550 nntum
929 1486 1046 1570 itaque
1059 1491 1167 1565 tunm,
1189 1488 1321 1574 tibique

212 1593 248 1656 in
262 1593 375 1657 omnia
392 1591 624 1676 paratimimus
651 1589 813 1675 deinceps
840 1608 918 1653 cnm
943 1590 1010 1654 tuis
1035 1592 1262 1674 permanebit:
1284 1595 1321 1656 nt

212 1696 242 1759 si
256 1694 392 1777 qnando
406 1713 428 1758 a
442 1691 608 1757 versando
631 1693 713 1756 orbe
735 1699 769 1756 et
792 1691 1036 1774 componendo,
1053 1699 1112 1758 ant
1136 1695 1179 1758 ab
1203 1694 1321 1762 invicti

213 1796 369 1863 Parentis
393 1795 508 1860 labore
531 1795 679 1858 animum
693 1813 849 1858 revocare
863 1793 1007 1872 libuerit,
1033 1814 1094 1859 sen
1115 1797 1219 1881 jocis,
1235 1819 1321 1883 quos

212 1897 400 1964 amabiliter
421 1915 556 1961 movere
570 1895 692 1960 Thalia
715 1915 778 1960 sua
804 1894 898 1958 illurn
918 1895 1065 1974 edocuit,
1091 1917 1152 1962 seu
1176 1900 1321 1978 tabellis,

212 2019 297 2084 quas
311 2001 355 2067 ab
372 1997 528 2083 Apolline
552 1999 629 2082 ipso
653 1996 786 2063 videtur
806 2002 988 2076 mutuasse,
1003 2000 1221 2081 cogitationes
1243 2009 1320 2067 tnas

212 2099 349 2166 delinire
365 2100 602 2183 aliquantisper
613 2099 746 2164 audeat.
791 2099 830 2164 Si
845 2098 979 2183 quidem
994 2106 1029 2164 et
1043 2101 1134 2164 illum
1148 2111 1322 2186 cooptare,

212 2210 314 2287 atque
328 2203 363 2266 in
378 2207 510 2267 tuorum
525 2201 663 2266 chorum
678 2220 849 2266 arcessere
869 2220 937 2263 non
951 2201 1148 2284 dedignatus
1162 2225 1214 2282 ea,
1228 2206 1320 2270 hand

209 2305 375 2392 ingratum
388 2305 461 2382 erit,
476 2303 734 2370 Snnusrssmrn
759 2304 965 2382 Parucnrs,
981 2305 1072 2388 quod
1092 2305 1182 2372 illins
1194 2307 1320 2387 doum,

211 2427 281 2496 qua
305 2409 450 2474 maxime
478 2405 637 2491 prodesse
662 2407 786 2492 possit,
800 2405 1009 2490 aliquatenus
1033 2409 1145 2472 verbis
1170 2410 1264 2494 apud
1287 2417 1321 2476 te

211 2529 379 2576 exornem.
423 2509 476 2574 Ea
490 2511 626 2574 licentia
638 2510 782 2596 plurima
794 2510 914 2574 babere
927 2509 1028 2574 etiam
1041 2507 1133 2574 illum
1154 2511 1322 2602 affirmare

209 2629 277 2676 non
291 2609 449 2687 dubitem,
465 2631 542 2694 quae
567 2612 667 2694 regiae
680 2611 845 2694 dignitati,
861 2611 904 2675 ad
926 2630 1029 2696 qnam
1052 2619 1087 2678 et
1109 2615 1238 2680 natales
1255 2617 1322 2696 tui,

210 2717 245 2777 et
271 2711 379 2795 gloria
405 2711 522 2794 Regis,
545 2717 579 2776 et
599 2714 798 2798 populorum
814 2719 893 2778 vota
907 2719 938 2780 te
952 2714 1090 2794 ducunt,
1105 2735 1322 2802 nequaqnam

209 2813 383 2900 infeliciter
407 2813 650 2897 respondeant:
672 2814 836 2896 siquidem
858 2820 892 2879 et
912 2835 1042 2882 summo
1070 2818 1214 2884 artificio
1238 2840 1319 2905 quae

209 2915 288 2980 hinc
300 2915 376 2980 inde
387 2915 541 2998 dispersa
552 2921 647 2980 erant
660 2916 695 2978 in
708 2935 809 2980 unum
824 2935 947 3000 corpus
962 2917 1085 3000 coligit,
1098 2928 1133 2983 et
1143 2941 1195 3000 ea,
1208 2925 1321 3005 magis

210 3015 254 3082 ad
269 3018 469 3102 voluptatem
495 3023 625 3100 parata,
640 3017 789 3102 politicis
815 3020 945 3084 artibus
968 3022 1016 3084 ita
1040 3026 1256 3104 consecravit,
1280 3033 1322 3090 ut

209 3117 302 3186 illam
320 3121 383 3186 sub
399 3119 529 3188 virtutis
552 3120 648 3202 signa
672 3121 822 3203 redigere
844 3122 943 3186 unice
965 3123 1137 3188 studuisse
1152 3126 1320 3192 videatur.

211 3219 288 3284 Scis
304 3221 353 3286 ita
377 3241 453 3286 esse
473 3220 547 3305 jam
572 3220 642 3301 diu,
671 3222 729 3306 qui
757 3222 1096 3289 Transtormationum
1121 3228 1223 3292 libros
1251 3249 1321 3295 non

209 3321 364 3386 evolvisti
388 3323 489 3390 modo
517 3325 689 3390 alacritate
714 3325 850 3402 eximia,
871 3324 931 3388 scd
954 3328 1023 3392 acri
1049 3329 1194 3412 insuper,
1211 3351 1320 3415 qnan-

210 3441 311 3506 qnam
330 3423 484 3506 juvenili,
502 3424 633 3509 judicio
648 3426 893 3511 praecellentem
908 3430 1089 3494 moralibus
1112 3433 1321 3500 observatio·

208 3525 308 3588 nibus
329 3526 395 3590 tuis
419 3525 607 3593 reddidisti.
651 3527 782 3593 Sensim
810 3549 888 3611 ergo
911 3537 946 3594 et
969 3531 1067 3613 quasi
1082 3551 1142 3614 per
1157 3536 1278 3615 gradus
1294 3556 1318 3602 a

211 3624 330 3692 Po'dtae
346 3627 477 3694 lusibus
497 3628 541 3692 ad
555 3629 631 3712 ejus
652 3631 751 3708 seria,
767 3636 837 3696 tum
861 3633 904 3696 ab
928 3631 1004 3715 ejus
1026 3634 1136 3714 seriis,
1152 3656 1229 3720 quac
1255 3639 1318 3704 tibi

209 3728 309 3814 quasi
331 3730 495 3813 praeludio
516 3731 652 3812 inerint,
667 3733 711 3797 ad
733 3733 837 3800 ardua
862 3736 964 3818 regni,
987 3735 1030 3802 ad
1050 3756 1127 3820 quae
1154 3743 1320 3822 posceris,

210 3849 286 3900 Qum
301 3851 423 3913 magno
439 3833 580 3898 Parente
594 3855 767 3917 assurgere
781 3840 916 3921 poteris.
949 3838 1002 3904 Ita
1016 3861 1096 3906 vero
1111 3842 1204 3906 illurn
1219 3842 1319 3908 ador·

208 3933 299 4010 navi,
315 3933 536 4020 Latinumque
557 3936 631 4021 ejus
646 3957 924 4024 sermonemque
944 3941 1153 4025 fieri-potuit,
1174 3943 1217 4008 ad
1233 3943 1320 4008 Gal-

208 4031 266 4098 lioi
281 4036 387 4100 nostri
400 4037 560 4102 rationem
581 4037 632 4103 sic
654 4041 824 4119 revocavi,
838 4047 873 4106 nt
902 4043 932 4106 si
957 4044 1068 4108 minus
1093 4044 1219 4110 directe
1240 4047 1320 4126 tibi,
1346 4129 1348 4134 Ι

210 4133 416 4214 Dunnrurrs
439 4138 895 4222 summasunmna
913 4145 1096 4226 contendit,
1122 4165 1183 4232 per
1211 4147 1318 4216 aliurn
