2856 4734
211 276 257 342 24
580 289 612 340 e.
634 288 757 338 ovrnrr
782 285 945 338 sssorrrs

212 433 306 520 apud
319 433 425 501 Getes
444 433 532 502 diem
545 433 639 500 obiit.
682 432 738 498 Ex
764 451 831 516 qno
845 430 1023 514 colligitur,
1037 431 1316 499 exulasseenncs

213 543 292 603 octo
316 543 349 602 et
368 555 500 602 menses
525 535 665 618 aliquot.
708 533 884 619 sepultum
906 533 1008 598 etiem
1028 533 1130 618 juxte
1153 533 1314 620 oppidum

212 641 341 708 Tomos
354 641 454 721 tradit
467 638 647 706 Eusebius.

386 1509 391 1518 ·
414 1479 460 1557 P.
487 1479 684 1558 OVIDII·
702 1479 944 1559 NASONIS
967 1481 1113 1572 VITA,

195 1705 269 1774 *Ee
281 1721 399 1778 vetusto
413 1711 513 1778 codice
530 1711 698 1802 Pomponii
712 1709 804 1794 Leti,
832 1714 920 1801 cujm
940 1713 1154 1802 apographum
1175 1723 1263 1780 estet
1285 1717 1318 1780 in

580 1846 612 1912 V
609 1849 733 1914 almona
752 1847 955 1914 Bibliotheca.

257 2063 298 2130 P.
322 2063 489 2130 Ovrnrus
514 2065 622 2130 Nsso
644 2083 677 2129 a.
693 2064 727 2129 d'.
754 2080 828 2130 xrr.
854 2064 935 2130 Kel.
961 2057 1071 2152 April.
1097 2066 1256 2135 Sulmone
1285 2067 1319 2134 in

207 2166 365 2251 Pelignis
377 2174 476 2234 notus
498 2175 571 2233 est:
594 2187 662 2252 quo
676 2185 761 2235 enno
775 2167 867 2233 bello
881 2167 1067 2234 Mutinensi
1080 2167 1123 2231 P.
1138 2167 1272 2236 Hirtius
1287 2177 1320 2236 et

210 2268 251 2336 G.
268 2268 383 2336 Pensa
394 2269 498 2336 Gcss.
518 2269 606 2334 diem
627 2269 752 2334 obiere.
796 2267 997 2336 Honoribus
1012 2269 1133 2337 Rcmse
1156 2270 1315 2340 iunctus:

207 2370 273 2436 fuit
286 2373 373 2436 enim
387 2371 507 2438 arbiter
521 2376 557 2436 et
569 2371 730 2448 triumvir,
744 2375 779 2436 et
795 2369 962 2456 judicium
976 2369 1061 2438 inter
1075 2379 1209 2438 centum
1222 2375 1316 2440 viros

209 2470 308 2538 dixit.
353 2472 424 2537 Sub
459 2473 573 2540 Plotio
598 2471 731 2558 Grippo
761 2471 866 2538 literis
887 2471 1055 2539 eruditus:
1078 2473 1199 2540 deinde
1222 2474 1317 2558 apud

211 2569 412 2638 Marcellum
430 2573 580 2638 Fuscum
604 2573 798 2652 Rbetorem,
822 2574 920 2659 cujus
943 2574 1077 2641 auditor
1089 2575 1164 2654 luit,
1191 2579 1319 2661 optime
1410 2657 1411 2668 ἵ

210 2672 422 2742 declamavit
466 2675 663 2742 Admiretor
694 2676 872 2759 plurimum
906 2677 1021 2742 Porcii
1055 2676 1209 2744 Latronis
1242 2679 1319 2760 snit,
1410 2683 1411 2740 ἶ

210 2796 313 2860 quem
335 2778 420 2843 odeo
440 2778 592 2843 studiose
616 2777 759 2857 audivit,
781 2783 818 2844 ut
838 2779 960 2844 multas
981 2779 1055 2864 ejus
1077 2781 1258 2846 sententias
1280 2780 1318 2845 in
1410 2761 1411 2786 ¹

210 2897 328 2946 versus
352 2900 433 2946 suos
456 2881 670 2946 transtulerit.
716 2879 833 2947 Bonus
857 2879 1060 2946 declamator
1074 2885 1108 2947 et
1122 2880 1317 2964 ingeniosus
1410 2909 1411 2962 3

209 2981 343 3048 habitus
357 2989 421 3063 est,
445 2990 481 3047 et
504 2983 648 3046 carmine
660 2983 924 3067 proseliccnter
947 2979 1093 3066 scripsit,
1116 2982 1240 3066 ingenii
1264 2984 1318 3050 sui
1410 2965 1411 2998 ἶ

209 3083 294 3151 odeo
309 3093 446 3166 emetur,
457 3091 494 3152 ut
507 3104 553 3150 ex
565 3085 609 3150 iis
624 3103 703 3169 quse
723 3084 823 3163 dixit,
836 3084 937 3148 etiem
950 3083 1170 3168 precantibus
1183 3085 1317 3165 amicis,

209 3185 293 3251 nihil
319 3188 510 3254 mutaverit.
554 3187 597 3253 Iu
622 3186 825 3252 carminibus
849 3184 934 3250 vitia
953 3201 1017 3250 sue
1045 3205 1113 3252 non
1138 3187 1315 3270 ignoravit,

211 3286 274 3352 sed
301 3289 439 3354 emovit.
485 3286 646 3354 Militnvit
671 3289 737 3352 sub
761 3285 812 3351 Μ.
833 3283 996 3352 Varrone.
1039 3285 1134 3353 Julio
1159 3285 1317 3354 Graecino

211 3386 439 3455 Grammatico
453 3388 639 3454 familiaris.
682 3386 835 3454 Tandem
846 3407 922 3453 cum
937 3388 1086 3454 venisset
1097 3389 1133 3453 in
1148 3389 1318 3474 suspicio·

209 3509 288 3556 uem
301 3487 457 3580 Augusti,
472 3490 616 3555 creditus
631 3491 695 3555 sub
706 3493 840 3556 nomine
854 3487 1011 3556 Corinnae
1026 3505 1160 3555 amasse
1171 3491 1317 3570 Julism,

210 3592 406 3658 inexilium
434 3594 556 3659 missus
588 3601 659 3674 est;
692 3594 840 3662 exolevit
862 3593 996 3674 Tomis,
1028 3592 1142 3678 ibique
1173 3593 1318 3660 decessit

212 3713 333 3762 annum
347 3714 449 3780 egens
466 3709 532 3762 nx.
547 3695 779 3763 novissimum.
