2856 4734
225 297 276 372 lb'
422 299 426 310 '
592 319 622 366 r.
645 309 766 367 ovrnn
792 307 954 368 sisenna

310 459 394 528 vita
406 457 496 544 print
508 460 592 526 vitiu
605 464 706 538 earet,
725 469 762 526 et
771 461 844 526 sine
858 459 933 526 lube
948 459 1087 546 peraeta
1099 465 1171 529 est!

351 560 482 628 Auxilii
495 563 617 627 misero
630 562 678 626 nil
692 561 767 627 tulit
780 562 840 627 illa
851 552 945 628 milii.

224 662 358 732 Habuit
379 681 502 730 uxeres
525 669 602 742 tres,
628 683 768 748 quarum
791 665 876 730 duas
898 663 1104 750 repudiavit3
1127 679 1203 731 euru
1223 665 1327 734 tertia

222 779 301 833 turn
326 765 595 852 conjunctissime
619 773 653 832 et
676 767 904 834 amantissime
924 767 1027 834 vixit:
1049 769 1129 833 item
1153 767 1269 847 filiam,
1293 775 1326 834 et

218 867 310 932 'alios
331 866 477 950 liberos3
499 867 558 932 sed
580 886 626 933 ex
650 868 721 936 fllia
744 875 779 934 et
802 887 887 934 avus
911 869 1022 935 faetus
1044 875 1108 936 est.
1154 867 1269 948 Quare
1292 868 1327 934 in

222 974 343 1052 quartu
356 968 410 1034 De
422 969 524 1035 'l'rist
538 971 587 1036 ait
596 971 681 1054 eleg»
696 969 749 1036 1οι

307 1070 411 1137 Paene
423 1069 506 1136 milri
520 1090 625 1157 puero
638 1081 701 1138 nec
714 1073 814 1155 digua
826 1093 888 1138 uec
902 1071 993 1138 utilis
1009 1089 1094 1138 uxor

351 1173 414 1238 Est
428 1172 520 1253 data,
535 1193 613 1258 qua·
628 1182 760 1258 tempus
773 1177 932 1258 perbreve
945 1181 1051 1258 nupta
1062 1175 1139 1240 fuit.

186 1327 189 1337 ,
308 1271 364 1342 Illi
379 1277 556 1356 successit,
572 1277 726 1361 quemvis
741 1279 812 1342 siue
826 1277 975 1354 crimine,
990 1277 1114 1361 conjux

351 1376 431 1443 Non
443 1383 553 1444 tamen
567 1381 601 1444 in
614 1383 728 1445 nostro
740 1381 835 1446 firma
846 1379 960 1445 subita
973 1385 1057 1445 toro.

310 1475 445 1560 llltimu,
462 1500 539 1566 qnae
552 1501 683 1550 meeum
697 1480 791 1548 seres
805 1482 985 1568 permansit
998 1482 1032 1546 in
1045 1499 1164 1560 anuos,

348 1583 512 1651 Sustinuit
525 1585 649 1669 conjux
662 1585 773 1650 exulis
786 1597 860 1649 esse
874 1584 951 1649 viri.

308 1682 396 1750 Filia
408 1691 463 1750 rue
476 1703 550 1752 mea
559 1686 613 1750 bis
626 1686 735 1772 prima
746 1685 902 1750 facunda
911 1684 1062 1769 juventu,

349 1783 420 1852 Sed
434 1805 501 1852 nen
514 1805 561 1852 ex
573 1799 640 1852 uno
653 1785 795 1871 conjuge
809 1787 887 1853 fecit
901 1806 1015 1852 avum.

219 1889 260 1954 In
274 1886 385 1972 primo
397 1885 509 1954 aulem
521 1888 607 1954 libro
619 1889 673 1954 De
686 1888 789 1954 Trist.
803 1888 887 1972 eleg.
901 1889 934 1952 3.
948 1889 1019 1954 sic:
1101 1917 1104 1924 ·

304 1989 408 2073 Saepe
422 1989 542 2056 eadem
556 1991 712 2058 mandata
723 1990 819 2058 dedi:
841 2008 961 2074 meque
972 1991 1046 2075 ipse
1058 1989 1170 2070 fefelli,

347 2090 549 2176 Respiciens
561 2093 670 2158 oculis
684 2093 825 2176 pignora
836 2103 914 2158 carta
926 2093 1022 2157 mab.

219 2193 265 2258 lit
278 2191 314 2259 lu
327 2195 425 2258 tertio
437 2191 520 2275 eleg.
535 2193 588 2257 11.
604 2194 675 2259 sic:

305 2293 423 2378 Usque
438 2295 481 2361 sit
493 2296 652 2378 exiguum
666 2315 790 2380 poeuae,
805 2296 896 2382 quod
911 2295 1054 2380 conjuge
1066 2305 1157 2373 uara,

348 2393 452 2474 Quod
467 2415 568 2461 careo
583 2397 703 2481 patria,
719 2399 978 2482 pignoribusque
992 2399 1089 2462 meis.
1191 2437 1195 2442 ·

218 2495 304 2562 Cum
318 2503 429 2562 autern
444 2494 634 2580 Augustum
655 2497 821 2564 Caesarem
836 2497 1070 2582 imprudenter,
1087 2502 1121 2563 et
1131 2496 1269 2577 inscius,
1284 2501 1323 2566 ut

219 2599 293 2680 ipse
303 2596 363 2677 ait,
389 2598 595 2678 offendisset,
609 2601 654 2665 ad
672 2599 824 2664 Euxinus
839 2601 883 2664 ab
897 2619 939 2664 eo
953 2599 1120 2684 relegatus
1133 2607 1198 2678 est,
1213 2611 1322 2666 annus
1378 2661 1380 2666 .

217 2705 316 2765 natus
333 2717 367 2766 u.
383 2720 486 2785 quare
500 2703 548 2766 ait
561 2701 596 2766 in
609 2689 712 2767 Trist.
730 2717 780 2765 lv.
793 2701 877 2786 eleg.
889 2702 944 2767 10.

304 2801 455 2887 Postque
467 2815 562 2867 meos
576 2809 670 2868 ortus
685 2802 801 2867 Pisaea
810 2803 944 2868 vinctus
959 2803 1054 2868 oliva

344 2901 540 2972 Abstulerat
553 2903 666 2970 decies
679 2904 820 2988 praemia
835 2905 941 2970 victor
954 2921 1078 2989 equus:

303 3006 390 3073 Cum
404 3007 506 3072 maris
521 3007 648 3071 Euxini
662 3005 792 3090 positos
806 3006 850 3070 ad
866 3007 955 3071 laeva
967 3007 1121 3073 Tomitas
1158 3049 1159 3052 =

346 3107 508 3189 Qnaerere
517 3128 571 3173 rue
585 3108 663 3173 laesi
675 3109 838 3193 principis
852 3109 904 3173 ira
911 3109 1017 3193 jubet

216 3209 388 3276 Describit
413 3217 526 3276 antem
547 3210 737 3276 discessum
763 3229 861 3274 suum
885 3229 930 3274 ex
954 3211 1047 3290 urbe,
1082 3218 1116 3278 et
1139 3213 1256 3280 urens
1285 3225 1322 3282 et

215 3315 398 3376 ceterorum
427 3332 563 3378 suorum
593 3313 770 3396 lacrymas,
808 3311 992 3396 duramque
1023 3320 1058 3379 et
1092 3315 1321 3397 periculosam

213 3411 458 3496 navigationem
477 3431 572 3478 snam
591 3416 700 3498 prime
723 3413 776 3479 De
794 3414 897 3481 Trist.
922 3415 1027 3499 longa
1050 3416 1211 3501 epistola,
1238 3439 1319 3505 quae

214 3513 348 3596 incipit:

301 3612 386 3679 Cum
402 3617 496 3681 subit
510 3617 601 3683 illius
615 3613 806 3685 tristissima
819 3620 929 3685 noctis
941 3621 1064 3704 imago,
1080 3623 1143 3686 &u

214 3718 386 3783 Praeterea
400 3719 507 3802 primo
524 3719 577 3784 De
591 3718 702 3785 Ponto
714 3721 751 3784 in
762 3721 862 3803 epist.
884 3722 928 3786 ad
944 3721 1116 3800 Rufinum,
1136 3741 1177 3788 eo
1189 3719 1226 3787 iu
1239 3723 1319 3790 locu

212 3837 250 3884 se
263 3819 408 3896 exulare,
434 3819 640 3903 ubi-semper
666 3821 815 3886 maxima
838 3821 945 3888 forern
958 3824 1093 3907 frigora,
1118 3842 1318 3911 summaque

213 3921 327 4005 iuopia
338 3921 501 3986 benorum
514 3923 671 4001 omnium,
683 3923 736 3987 his
750 3923 897 4006 queritur
911 3926 1082 3992 versibus:

299 4018 400 4088 Orbis
412 4023 446 4088 iu
459 4025 614 4088 extremis
626 4024 727 4109 jaceo
741 4025 891 4090 desertus
905 4029 1029 4106 arenis,

342 4121 420 4190 Fert
432 4123 490 4190 ubl
504 4129 680 4210 perpetuas
693 4128 814 4194 obruta
827 4133 914 4194 terra
924 4129 1032 4198 niven.
