2856 4734
208 313 255 384 1⁰
657 325 867 378 renarro.

207 472 606 559 litemquil’ersslan
637 469 1029 556 scilieetlllianuan
1057 469 1318 550 solambsbuit,

207 579 310 645 duxit
320 595 469 643 uxorem.
513 577 614 641 Nunc
628 583 804 660 expectas,
815 574 957 642 candide
971 574 1107 652 lector,
1121 581 1160 637 ut
1172 575 1258 657 qnid
1272 593 1318 640 ex

208 681 274 747 lrae
298 699 389 744 nors
410 699 549 762 operum
574 679 647 763 ejus
669 678 815 742 editione
836 695 958 759 capere
980 676 1095 759 possis
1114 676 1317 760 conpendii,

208 785 352 867 mnne
368 781 602 866 profiteamur:
616 781 705 864 qnod
721 781 855 864 quidem
868 799 913 844 ex
927 781 1082 863 pautnlis
1098 781 1318 861 sequentibus

208 885 308 950 lineis
319 885 380 948 tibi
392 884 573 947 constabit.
611 883 761 946 Primum
774 883 923 946 omnium
937 880 1167 944 admonendus
1181 899 1234 958 ee,
1247 899 1319 944 non

211 987 357 1052 consilio
375 993 499 1064 nostro,
524 1005 566 1050 eo
589 1003 659 1069 qno
681 985 882 1049 tmtarinrus
903 982 1005 1047 modo
1027 979 1222 1046 adornatum
1245 1001 1320 1047 esse

211 1087 382 1166 Ovidium,
397 1087 459 1152 sed
479 1087 741 1170 Sapientissimi,
755 1091 918 1169 quantum
936 1101 1010 1148 sors
1024 1084 1149 1166 patitur
1161 1083 1320 1162 buinna,

212 1190 322 1256 Ducis
344 1189 573 1268 Montauserii,
594 1191 713 1274 jussu:
736 1189 838 1271 cujus
860 1187 996 1271 quidem
1015 1186 1079 1249 viri
1098 1186 1215 1269 inclyti
1241 1205 1320 1270 pru·

211 1291 358 1357 dentiam
391 1298 576 1375 postquam
605 1293 640 1355 in
660 1293 724 1370 bis,
746 1292 848 1357 sicuti
870 1293 904 1354 in
927 1290 1004 1354 aliis
1024 1290 1194 1366 maximis,
1216 1291 1322 1355 multe

211 1396 526 1480 prmsmnlissimam
568 1396 793 1460 Lunovrcus
831 1395 1001 1458 Maestus
1036 1395 1071 1456 in
1107 1392 1322 1457 Serenissimi

211 1496 409 1562 Danrnrrsr
426 1498 564 1580 gratiam
586 1499 695 1582 primo
710 1497 921 1582 approbavit,
947 1495 1066 1559 deinde
1090 1493 1230 1576 Europa
1251 1501 1322 1558 tcta

210 1597 372 1676 hudauit,
386 1617 454 1662 non
468 1605 520 1662 est
533 1600 647 1664 uerbis
673 1600 935 1682 supervacaneis
949 1603 986 1660 ut
1008 1597 1223 1662 extollamus.
1269 1596 1323 1660 Si·

212 1699 351 1782 qnidem
365 1699 457 1764 illius
470 1700 559 1764 votis
573 1699 778 1779 satisfacere,
791 1707 860 1777 ant,
879 1699 970 1783 quod
996 1699 1159 1762 suadebat
1180 1699 1324 1762 incredi-

212 1799 292 1866 bilis
305 1802 381 1885 ejus
396 1801 627 1880 beneficentia,
644 1808 678 1866 et
700 1821 771 1885 que
790 1801 948 1884 dignatus
971 1807 1024 1864 est
1045 1820 1108 1864 nos
1129 1800 1325 1865 dulcissima

212 1903 377 1980 clientela,
400 1904 499 1987 jussa
523 1902 643 1967 saltem
667 1904 789 1987 exequi
812 1903 912 1966 nobis
941 1903 1107 1978 licuisset,
1132 1921 1228 1985 spem
1261 1903 1324 1967 tibi

213 2006 368 2090 proiecto
389 2005 598 2089 splendidam
623 2005 818 2069 haeremus.
864 2004 1023 2088 Namque
1056 2004 1114 2067 ille
1148 2010 1259 2068 tantus
1289 2006 1325 2068 is

213 2108 384 2186 usinum,
406 2113 586 2191 postquam
619 2105 663 2170 ad
690 2106 765 2171 baec
785 2107 886 2183 leuia,
914 2125 993 2170 vera
1026 2123 1143 2183 cause,
1176 2106 1325 2171 animum

213 2207 361 2287 demisit,
383 2227 490 2293 parva
514 2227 590 2272 esse
612 2225 776 2272 summurn
797 2206 961 2291 judicium
985 2205 1063 2290 ejus
1088 2207 1234 2289 amplias
1256 2225 1326 2273 noa

215 2309 307 2376 sirit.
352 2309 462 2376 lmmo
475 2309 650 2375 desideriis
674 2315 708 2374 et
731 2308 908 2374 conatibus
927 2311 1049 2373 nostris
1064 2309 1155 2373 nulla
1170 2311 1200 2374 si
1219 2309 1325 2376 obsti:

213 2412 310 2480 iisset
333 2416 433 2480 sortis
460 2414 674 2498 perversitas,
703 2429 840 2496 quoquo
864 2419 967 2494 pacto
994 2412 1172 2477 literatura
1197 2417 1325 2479 nostrae

216 2515 411 2578 mnmtaoem
444 2516 806 2597 eompunssrtssemus.
858 2512 981 2597 Neque
1015 2533 1093 2577 vero
1123 2514 1229 2592 aliter,
1266 2519 1327 2582 aut

216 2615 443 2682 illustrissimi
467 2616 724 2682 Condomieneis
749 2615 915 2701 Episcopi
936 2615 1059 2680 Jacubi
1083 2617 1223 2699 Benigni
1240 2619 1327 2683 Bos·

215 2717 326 2796 suetii,
342 2721 520 2801 utcumque
543 2719 579 2780 in
599 2719 771 2801 Principis
792 2720 999 2784 institutione
1014 2719 1094 2782 olim
1110 2719 1252 2797 assidui,
1267 2719 1327 2784 de'·

215 2817 358 2885 inissent
371 2819 508 2896 monite,
523 2819 646 2902 quibus
660 2820 696 2883 in
709 2819 775 2884 lroe
788 2837 907 2902 genere
921 2819 1087 2884 literarum
1100 2837 1163 2884 uos
1173 2821 1327 2904 aliquan-

215 2919 262 2986 do
277 2922 381 2986 etium
392 2919 482 3004 juvit
494 2921 751 3002 humanissima
774 2927 832 2988 aut
846 2920 1061 2988 Nobilissimi
1072 2921 1113 2986 P.
1130 2921 1175 2988 D.
1192 2923 1325 3002 Huetii,

215 3023 252 3088 is
270 3023 404 3090 easdem
427 3039 527 3089 curas
550 3041 626 3090 cum
654 3023 713 3088 illo
751 3025 847 3088 asciti
876 3024 1019 3088 eruditio
1049 3025 1327 3090 exercitatissime

215 3124 436 3204 destituisset,
449 3142 519 3209 qun
530 3141 594 3190 nos
609 3127 716 3210 primo
728 3131 931 3191 sustentatos
940 3127 1185 3210 benignissime,
1201 3145 1327 3212 nequa·

217 3243 323 3312 quarn
358 3227 566 3296 immemores
603 3227 808 3294 confitemur.
854 3227 987 3308 Quibus
1018 3231 1155 3313 opibus,
1186 3231 1327 3315 aliisque

217 3333 396 3412 postquem
411 3329 510 3394 nobis
524 3329 702 3396 carendum
724 3330 798 3408 suit,
821 3331 993 3395 levissima
1017 3330 1104 3395 sone
1128 3329 1328 3397 videbuntur

216 3447 441 3514 quascumque
476 3431 623 3513 aggressi
671 3451 797 3498 sumus.
866 3431 1183 3516 Quantulacumque
1227 3433 1328 3499 inerit

217 3536 328 3597 umen
350 3531 463 3617 opella
486 3537 610 3612 nostra,
636 3532 726 3600 istud
748 3553 828 3600 vero
848 3539 1024 3599 assecutos
1044 3553 1105 3598 nos
1123 3553 1199 3597 esse
1215 3553 1327 3618 spera·

217 3649 305 3714 suns,
316 3641 355 3700 ut
369 3633 423 3700 vel
439 3633 721 3719 Interpretatiorre,
737 3639 771 3702 in
783 3639 869 3703 locis
884 3637 1069 3720 praesertim
1082 3636 1327 3700 difficilioribus

218 3741 389 3814 nosram,
403 3737 456 3802 sel
473 3735 587 3818 Notis,
604 3757 673 3822 qna
694 3739 765 3804 lieri
789 3739 898 3823 potnit
919 3738 1073 3802 festinata
1088 3739 1328 3820 perspicuitate

218 3837 263 3905 sd
282 3836 345 3905 illa
365 3837 615 3924 subjectanea
629 3841 748 3906 Polite
764 3843 926 3908 sestertia
939 3841 1053 3919 medo,
1075 3840 1136 3904 sed
1157 3841 1327 3922 ingenium

219 3957 338 4026 susque
352 3941 427 4028 ejus
443 3950 668 4026 patescerent.
714 3943 850 4023 Quibus
865 3946 962 4020 enim,
971 3951 1006 4008 et
1019 3945 1143 4028 quibus
1157 3943 1327 4006 decausis

219 4037 442 4109 scriberemus
468 4039 683 4130 nequaquam
697 4047 806 4124 obliti,
832 4047 996 4130 voluptati
1018 4046 1115 4110 nobis
1135 4046 1229 4110 labor
1251 4044 1327 4122 fuit,

219 4159 300 4232 quse
309 4147 424 4213 onnia
438 4147 680 4234 supersederet.
723 4149 779 4216 Ne
792 4149 870 4236 quis
884 4166 966 4217 reru
976 4149 1053 4234 jure
1072 4145 1247 4234 dereptam
1262 4145 1328 4214 sibl
