2856 4734
283 333 518 384 rnsrrrronrn
543 333 590 382 ιιι·
612 333 767 383 rumori
794 335 842 384 nn
866 335 1009 386 ovroro.
1160 319 1205 384 27

93 479 208 544 Etiam
224 496 323 542 orsus
336 479 457 546 librum
471 479 614 544 debello
630 477 786 558 Actiaco,
801 484 834 544 et
847 479 996 544 libellum
1010 477 1124 561 lingua
1136 475 1204 544 Go-

93 583 176 661 tica,
192 581 318 665 dequo
334 583 384 646 sic
399 583 474 665 ipse
487 582 547 646 lib.
567 599 615 645 ιι.
631 603 675 646 ex
687 583 796 646 Ponto
810 583 894 664 eleg.
910 581 966 646 13.

224 681 280 746 An
294 683 417 766 podet:
439 690 472 748 et
486 683 607 749 Getico
622 683 743 766 scripsi
759 701 907 748 sermone
922 681 1083 759 libellum,

268 785 469 868 Structoque
485 791 560 850 sunt
575 786 698 850 nostris
713 787 856 849 barbara
868 786 973 850 verbe
988 781 1108 849 modis.

224 885 269 951 Et
283 887 396 970 placui
409 908 419 967 3
443 895 569 970 gratare
584 888 676 966 milri,
693 889 848 971 coepique
863 886 971 970 poetae

269 989 360 1054 Inter
367 989 566 1053 inhumanos
585 1007 702 1053 nomen
716 987 837 1052 habere
852 989 976 1067 Gotas3

224 1089 405 1156 Materiam
419 1091 567 1174 quaer-isi
590 1091 706 1156 laudes
721 1091 762 1155 de
777 1089 913 1156 Caesare
927 1089 1013 1169 dixi,

266 1191 391 1275 Adjuta
406 1201 459 1256 cst
472 1185 608 1257 novitas
622 1195 753 1256 numine
767 1201 877 1256 nostru
892 1192 970 1257 Dei.

224 1292 315 1358 Nam
329 1296 435 1378 patris
451 1292 594 1377 Augusti
610 1295 709 1360 docui
728 1295 866 1358 mortale
881 1294 987 1358 inisse

265 1394 416 1480 Corpus:
440 1399 474 1462 in
490 1397 652 1462 aethereas
667 1417 786 1460 numen
802 1397 914 1461 abisse
929 1395 1059 1460 domos.

224 1493 312 1561 Esse
324 1517 436 1580 parem
452 1499 572 1562 virtute
586 1500 687 1582 patri,
701 1499 760 1582 qui
774 1497 880 1562 fraena
893 1504 1029 1579 rogatus

266 1597 368 1682 Saepe
382 1600 526 1664 recusati
543 1600 684 1682 coepcrit
698 1599 838 1682 imperii.

89 1699 187 1765 Unde
216 1699 324 1782 liquet
353 1703 528 1785 scripsisse
552 1699 690 1766 Tiberio
719 1703 917 1785 imperante,
944 1721 1086 1786 cumque
1113 1699 1201 1765 adeo

87 1803 198 1868 facilis
214 1803 289 1886 ojus
304 1801 407 1870 dictio
421 1803 586 1881 videatur,
602 1805 741 1868 subinde
766 1810 875 1868 tamen
890 1804 1045 1881 occurrit,
1070 1804 1128 1866 ubi
1152 1803 1198 1871 ob

86 1904 318 1988 trajectionsm
341 1905 517 1970 verborum
547 1903 762 1970 duriusculos
787 1904 940 1970 dicatur:
974 1909 1011 1968 ut
1037 1921 1116 1967 cum
1147 1905 1198 1966 sio

88 2005 211 2089 incipit
224 2003 329 2068 libros
343 2004 384 2069 de
401 2011 469 2069 arte
485 2006 638 2070 amandi:

221 2105 259 2170 Si
275 2107 350 2188 quis
364 2106 399 2169 in
413 2106 478 2170 hoc
493 2111 597 2170 ortem
610 2107 739 2192 popolo
754 2125 822 2170 non
836 2107 930 2172 novit
944 2106 1092 2171 amandi.

88 2205 249 2272 Maluerit
271 2206 414 2290 aliquis-2

220 2307 258 2371 si
271 2309 349 2391 quis
363 2309 397 2372 in
410 2307 476 2372 hoc
488 2308 616 2392 populo
628 2307 732 2390 legem
747 2327 815 2373 non
829 2309 924 2372 novit
939 2307 1089 2372 amandi.
1146 2385 1147 2390 ἵ

88 2407 139 2474 Ac
153 2409 231 2494 ipse
255 2408 320 2473 hoc
340 2408 487 2486 mallem,
502 2408 534 2473 si
549 2406 623 2494 legis
637 2407 806 2474 vocabulo
821 2407 900 2470 artis
914 2425 1031 2470 nomen
1046 2406 1126 2470 satis
1140 2424 1200 2469 ex-

87 2513 294 2594 primeretur.
338 2507 459 2576 Eidem
472 2505 580 2575 multa
600 2507 689 2572 salso
714 2509 883 2586 sumbola,
894 2514 931 2572 ut
945 2527 1076 2573 carmen
1092 2505 1199 2572 Pane-

85 2612 236 2696 gyricum
257 2611 488 2694 adPisonem,
512 2611 608 2698 cujus
622 2611 658 2676 in
674 2609 767 2676 Msto
781 2610 856 2674 haec
872 2609 1057 2694 inscriptio,
1076 2605 1199 2673 Lucani

56 2744 63 2754 ·
89 2711 274 2781 catalecton
288 2712 325 2776 de
341 2711 435 2778 laude
452 2711 589 2781 Pisonis.
694 2799 696 2805 γ
875 2787 879 2792 ¹

128 2813 299 2894 Quaedam
312 2816 413 2881 etiam
428 2817 601 2881 deterioris
616 2821 717 2892 notae,
731 2821 769 2880 ut
784 2813 1002 2879 Grammatici
1017 2811 1197 2896 cujusdem
1259 2863 1261 2866 .

85 2913 271 2982 Christiani
296 2916 494 2996 Philomela,
519 2917 603 2981 alins
629 2917 709 2981 item
731 2916 914 2994 Pulex‚'et
936 2915 1004 2978 alia
1029 2915 1195 2997 quendam.

84 3017 215 3102 Aliqua
227 3036 306 3082 vero
320 3015 488 3083 hominum
513 3023 593 3082 sunt
616 3035 676 3082 nec
690 3015 899 3081 mediocriter
921 3015 1139 3092 eruditorum,
1161 3014 1197 3078 in

84 3117 135 3183 his
150 3119 234 3183 libri
256 3123 324 3182 tres
340 3119 384 3182 dc
398 3117 535 3196 Vetula,
561 3119 673 3183 minus
698 3117 801 3182 etiam
818 3115 977 3182 Ovidium
1003 3115 1197 3196 relerentes,

84 3239 185 3303 quum
211 3221 329 3284 simius
356 3220 535 3284 hominem.
580 3221 655 3286 Nec
682 3221 725 3285 ab
753 3220 893 3283 insulsis
918 3218 1063 3283 librariis
1077 3216 1194 3284 Ovidii

83 3340 157 3388 csse
172 3340 297 3390 nomen
311 3322 515 3406 impositum,
525 3321 586 3386 sed
602 3322 764 3406 scriptore
778 3321 854 3406 ipso
865 3320 994 3387 indicat
1004 3320 1067 3385 hoo
1079 3320 1136 3386 lib.
1150 3339 1190 3387 11.

474 3424 508 3489 in
521 3443 627 3488 novas
642 3425 767 3488 formas

347 3522 499 3607 Corpora
512 3529 659 3590 mutatas
676 3525 798 3591 occini.

23 3621 29 3639 ¹
84 3623 126 3690 Et
139 3623 203 3692 lib.
217 3639 276 3692 ιιι.

388 3726 522 3790 memini
537 3725 649 3790 dicens
662 3725 735 3792 lraec
751 3724 892 3791 dolove
908 3728 1008 3793 verba

214 3825 301 3891 Esse
314 3845 445 3912 quoque
460 3827 494 3890 in
510 3827 587 3891 fatis
604 3827 824 3892 reminiscitur
837 3827 940 3892 affore
955 3837 1100 3913 tempos,

215 3926 295 4006 Quo
309 3947 413 4006 mare,
429 3948 496 4012 qno
511 3928 621 4007 tellus,
636 3937 856 4014 correptaque
873 3931 967 4012 regia
981 3930 1062 3995 coeli

215 4026 353 4109 Ardent,
367 4035 401 4094 et
413 4030 530 4095 mundi
544 4032 651 4095 moles
665 4049 807 4116 operosa
819 4031 961 4096 laboret.
