2856 4734
209 253 253 324 lt
578 269 607 320 r.
630 269 753 322 ovrnu
776 267 940 320 nuscum
994 279 1016 294 =·

209 433 292 481 onus
317 413 390 499 ojus
405 412 541 492 viribus,
566 413 682 478 relicta
708 413 849 480 curiaet
869 413 931 480 lati
947 411 1040 478 elavi
1061 410 1240 490 'settitnta
1269 409 1317 478 ad

209 515 449 581 mansuetiores
464 533 578 581 mum
590 513 709 596 rediit3
731 515 919 599 pobtasque
940 525 1058 580 omnes
1072 516 1165 584 illius
1186 520 1318 600 tempo·

209 617 257 682 ris
283 625 361 683 natu
384 616 530 701 majores
554 618 691 682 assidue
715 618 830 696 coluit,
857 623 958 701 atque
980 617 1200 684 aminoribus
1216 625 1319 699 teque

209 721 319 784 cultus
335 719 409 802 ipse
423 727 483 784 est.
528 717 617 797 Quae
633 720 749 784 omnia
772 719 808 782 in
822 719 921 784 'frist
937 735 988 783 ιν.
1009 719 1093 801 eleg.
1107 719 1161 784 lu.
1183 717 1317 800 elegan-

209 820 338 886 tissime
353 820 410 886 eic-
419 823 553 888 scribit:

161 993 169 1010 ‚
296 923 457 990 Protinus
473 924 657 989 excolimur
674 923 796 989 teneri:
819 943 966 1008 curaque
980 923 1131 1008 parentis

340 1026 435 1093 Imus
451 1025 494 1092 ed
507 1026 658 1106 insignes
673 1026 767 1090 urbis
783 1027 828 1091 ab
843 1033 916 1090 arte
932 1026 1034 1092 viros.

296 1127 413 1192 Frater
427 1127 472 1194 ad
487 1127 657 1211 eloquium
670 1125 769 1192 viridi
783 1127 943 1194 tendebat
956 1127 1000 1192 eb
1014 1145 1115 1204 sero·

342 1227 460 1295 Fortia
471 1230 609 1294 verbosi
623 1235 724 1294 natus
739 1229 782 1294 ad
797 1247 889 1296 arma
902 1230 978 1296 fori.

295 1327 344 1397 At
357 1331 437 1394 mihi
448 1330 521 1413 jam
534 1349 636 1414 puero
652 1330 804 1396 coelestia
817 1331 1131 1416 sumptuosiora

340 1431 447 1516 Inque
460 1451 561 1498 suum·
571 1430 683 1496 furtim
699 1428 805 1497 Musa
818 1432 970 1497 trahebat
984 1450 1084 1516 opus.

297 1535 398 1619 Saepe
415 1539 510 1617 pater
524 1533 630 1600 dixit:
651 1533 808 1600 Studium
821 1532 900 1618 quid
913 1535 1027 1600 inutile
1036 1537 1179 1620 ‚tenw

342 1635 530 1700 Maeonides
544 1636 653 1701 nullas
668 1637 742 1719 ipse
756 1636 889 1719 reliquit
902 1655 997 1719 opes.
1231 1645 1240 1654 ‘

298 1737 417 1804 Motus
431 1756 521 1802 erum
536 1735 649 1815 dictis,
665 1743 803 1824 totoque
819 1737 987 1804 Helicone
1001 1738 1129 1818 relicto,

343 1839 496 1906 Scribere
512 1840 659 1906 conabar
674 1842 777 1906 verba
790 1841 903 1905 solute
917 1839 1041 1907 modis.

299 1941 425 2026 Sponte
440 1960 502 2006 sua
515 1960 646 2005 carmen
660 1960 817 2006 numeros
833 1943 991 2006 veniebat
1005 1941 1048 2006 ad
1064 1947 1182 2026 aptos:

341 2042 516 2127 Quicquid
530 2043 678 2110 conabar
692 2045 849 2122 scribere,
864 2055 984 2109 versus
998 2049 1081 2108 eret.

297 2145 441 2223 Interea,
456 2146 560 2212 tacito
574 2165 681 2228 passu
693 2145 884 2212 labentibus
898 2148 1009 2224 annis,

341 2247 495 2313 Liberior
507 2246 601 2312 fratri
615 2253 736 2327 sumta,
750 2248 896 2334 mihique
911 2257 989 2332 toga
1002 2254 1075 2328 est;

297 2349 517 2434 induiturque
531 2349 678 2416 humeris
693 2369 770 2416 cum
784 2351 853 2416 lato
865 2369 1017 2434 purpura
1032 2349 1143 2428 clavo,

339 2452 384 2518 Et
398 2452 544 2518 studium
559 2455 669 2533 nobis,
686 2454 778 2536 quod
792 2453 855 2518 fuit
870 2458 1090 2530 antemonet.

297 2554 442 2637 Jamque
455 2552 570 2618 decem
583 2555 666 2621 vitae
680 2557 781 2622 trater
795 2555 1017 2638 geminaverat
1032 2573 1149 2636 annos,

340 2653 427 2720 Cum
443 2656 540 2738 perit,
555 2664 588 2724 et
602 2658 693 2741 coepi
708 2665 804 2739 parte
819 2675 933 2722 carere
947 2657 1026 2722 mei.

298 2755 457 2840 Cepimus
471 2763 505 2822 et
520 2761 641 2824 tenerae
655 2759 780 2842 primos
796 2759 910 2823 aetatis
924 2759 1078 2836 honoras,

344 2859 464 2944 Deque
479 2861 560 2926 viris
575 2859 746 2943 quondam
763 2879 842 2942 pars
858 2860 965 2924 tribus
980 2875 1048 2924 nna
1062 2857 1123 2925 sui.

299 2960 400 3028 Curia
414 2961 581 3028 restabat:
603 2961 693 3026 clavi
707 2981 865 3028 mensura
880 2967 1002 3028 coacta
1016 2965 1081 3026 est.

343 3061 458 3146 Majus
471 3067 543 3128 erat
556 3064 677 3129 nostris
692 3063 819 3128 viribus
832 3063 918 3128 illud
933 3081 1031 3130 onus.

297 3163 373 3230 Nec
388 3164 521 3246 patiens
533 3181 668 3248 corpus,
683 3183 745 3230 neo
760 3183 854 3230 mens
869 3171 940 3230 erat
955 3171 1036 3248 apta
1049 3165 1177 3232 labori:

339 3265 561 3350 Solicitaeque
574 3268 677 3350 fugax
694 3267 886 3334 ambitionis
901 3287 1013 3334 eram:

296 3367 341 3434 Et
355 3373 469 3452 petere
483 3366 603 3434 Aoniae
620 3368 802 3436 suadebant
817 3374 889 3436 totu
904 3387 1036 3434 sorores

220 3485 225 3490 ·
341 3470 433 3548 Otia,
446 3470 579 3554 judicio
595 3491 726 3556 semper
740 3477 850 3538 amate
864 3491 950 3536 meo.
971 3487 973 3494 ·

297 3573 475 3657 Temporis
490 3572 579 3638 illius
594 3574 684 3643 colui
698 3573 834 3658 fovique
848 3571 985 3656 poiitu's:

230 3715 235 3724 ·
318 3679 322 3686 '
342 3672 500 3758 Quotque
517 3673 656 3740 aderant
669 3683 777 3752 vates,
791 3674 889 3738 rebar
901 3673 1022 3740 adesse
1037 3675 1146 3742 Deos.

231 3819 237 3826 -
297 3777 400 3860 Saepe
415 3795 495 3842 suas
509 3776 666 3842 volucres
680 3777 760 3859 legit
774 3775 856 3842 mibi
871 3775 1028 3858 grandior
1041 3794 1129 3856 aero,
1251 3795 1254 3804 ·

340 3877 494 3964 Quaeque
508 3885 607 3945 nocet
620 3897 768 3963 serpens,
784 3899 859 3964 quae
872 3879 971 3962 juvat
983 3879 1096 3959 herba,
1113 3877 1250 3948 uacet..

299 3982 404 4064 Saepe
419 4000 503 4046 suos
515 3981 635 4046 solitus
649 3981 787 4046 recitare
799 3981 994 4065 Propertius
1007 3983 1114 4067 ignes,

232 4103 234 4108 ·
339 4081 423 4150 ture
437 4083 586 4150 sodalitii
599 4085 657 4168 qui
671 4083 752 4152 mibi
761 4084 900 4170 junctus
915 4090 999 4152 emt
