2782 4728
614 325 644 372 P.
668 324 788 372 ovmll
812 321 986 374 ursolus,

580 733 899 846 erroneus
939 769 1011 842 vr.

374 1079 377 1088 ,
488 1029 834 1096 HYPSIPYLE
876 1029 1101 1096 JASONI.

660 1284 931 1336 ARGUMENTUM.

212 1437 213 1442 ’
247 1436 377 1485 Mourrus
391 1434 505 1484 Orsculo
516 1433 605 1484 Pelius
616 1431 735 1496 Neptuni
746 1430 823 1493 lilius,
835 1438 944 1481 mortem
959 1431 1010 1481 sibi
1025 1429 1153 1495 portendi,
1163 1445 1224 1480 eum
1235 1431 1296 1496 quis
1307 1445 1346 1494 ps·

280 1515 313 1566 tri
324 1514 479 1564 sacrificanti
490 1513 667 1578 superueniret
678 1513 833 1577 nodo-pede.
863 1513 915 1562 cui
922 1510 1017 1560 deinde
1025 1524 1107 1560 sunus
1118 1525 1192 1561 ssers
1203 1509 1349 1575 peragenti,

280 1596 362 1647 Jusou
380 1593 482 1644 AEsonis
493 1594 569 1656 lilius,
580 1608 631 1644 nns
648 1609 706 1644 eom
717 1601 821 1658 nepote,
832 1593 923 1644 relicto
936 1593 962 1640 in
979 1591 1039 1642 limo
1055 1590 1154 1640 Ansnri
1166 1587 1241 1640 fluuii
1253 1592 1347 1650 enleeo,

281 1675 405 1724 occurrit.
438 1673 526 1726 Pelias
543 1675 633 1739 igitur,
645 1675 745 1726 orseuli
752 1687 863 1735 memor,
876 1672 966 1724 Jssoul
977 1672 1081 1734 suadet,
1091 1678 1120 1720 ut
1130 1673 1157 1722 in
1169 1671 1284 1722 Colchos
1295 1685 1347 1736 pru·

280 1753 422 1818 lieisestor,
432 1752 465 1802 ad
484 1769 591 1804 sureum
608 1755 672 1804 illud
688 1754 772 1804 vellus
789 1753 960 1818 refigendnm,
974 1765 1082 1817 spernus
1096 1766 1156 1802 eum
1167 1765 1304 1815 nunqnsm
1314 1765 1348 1799 re·

280 1847 412 1882 versurum
428 1832 592 1895 incolumem,
611 1834 679 1897 quod
698 1832 840 1883 audivisset
859 1847 924 1897 opus
942 1831 1007 1881 illud
1033 1830 1150 1880 humenis
1173 1845 1231 1879 esse
1255 1831 1348 1881 uiribus

280 1913 371 1976 majus.
402 1913 482 1964 Jsson
502 1914 677 1978 magnanimus
695 1912 888 1978 expeditionem
908 1912 978 1962 illeso
997 1910 1086 1960 lubens
1098 1909 1223 1972 suscipit:
1241 1909 1350 1974 ideoque

281 1991 456 2054 compluribus
467 1991 578 2041 Graeeire
590 1991 719 2042 nobilibus
729 1993 853 2054 evocetis,
863 1991 936 2056 Argo
947 2006 1037 2041 novem
1049 2005 1081 2039 ex
1090 1991 1204 2053 Pegaso,
1213 1991 1349 2039 'lhessdie

282 2061 348 2129 s'inn,
366 2071 452 2132 soluit,
472 2071 499 2119 iu
518 2072 633 2120 Lemnon
653 2071 768 2122 deintus:
794 2073 848 2134 nbi,
863 2087 922 2122 eum
941 2073 1064 2122 mulieres
1083 2070 1212 2120 communi
1224 2083 1351 2120 consensu

282 2150 351 2200 siros
362 2163 449 2200 omnes
460 2165 510 2200 uns
520 2158 598 2201 nocte
609 2152 792 2214 trucidassent,
802 2148 958 2217 Hypsipyle,
965 2152 1088 2203 'lliosntis
1096 2150 1159 2213 filis,
1168 2165 1228 2215 quoe
1241 2156 1349 2214 patrem,

282 2229 362 2282 coedis
374 2231 547 2294 simulatione,
561 2238 721 2298 servsrerst,
739 2233 875 2296 imperium
895 2232 1045 2296 exercebat,
1062 2232 1184 2283 ursonem
1200 2239 1229 2282 et
1241 2229 1351 2296 hospitio

282 2317 311 2362 et
328 2313 398 2363 lecto
414 2311 615 2362 familiarissime
633 2314 745 2378 excepit.
778 2313 875 2363 Verum
895 2313 962 2363 enim
979 2313 1078 2363 duobus
1089 2313 1145 2377 jen
1156 2313 1260 2363 essetis
1273 2313 1351 2371 aunis,

282 2393 358 2444 sociis
375 2393 520 2456 orantibus,
541 2401 571 2444 ut
588 2394 738 2459 promissam
761 2393 954 2459 expeditionem
975 2393 1094 2459 perficiet
1111 2393 1202 2456 lason,
1217 2393 1351 2458 gravidam

283 2473 457 2538 Hypsipylem
482 2474 616 2539 relinquit,
638 2475 800 2542 Colchosque
818 2476 904 2540 petit,
930 2473 973 2524 ubl
995 2474 1097 2526 Medere
1118 2473 1217 2525 sitibus
1239 2475 1351 2526 dracone

282 2553 378 2617 sopito,
396 2553 529 2618 lautisque
544 2555 683 2618 superetis,
700 2568 806 2604 aureum
827 2554 889 2606 illud
905 2556 986 2605 vellus
1006 2555 1116 2618 adeptus
1136 2561 1193 2616 est,
1217 2554 1351 2620 ipsumque

283 2629 405 2682 Medeam
422 2632 530 2684 obduxit
549 2633 688 2686 volentem.
720 2634 896 2688 Quamobrem
916 2635 1070 2700 Hypsipyle,
1085 2635 1223 2699 prelatum
1235 2635 1290 2686 silui
1301 2633 1352 2683 lde·

283 2710 359 2760 deam
369 2711 475 2778 indigne
492 2713 587 2776 serens,
597 2715 643 2766 lune
664 2715 774 2778 epistola
790 2716 882 2767 losoni
893 2717 1004 2766 reditum
1014 2717 1168 2780 gratuletur,
1178 2729 1226 2778 per
1239 2722 1354 2766 eonten-

284 2795 338 2842 tum
347 2792 460 2859 seilicet,
470 2795 606 2860 animoque
616 2796 773 2860 abilensis,
784 2804 810 2846 et
821 2805 954 2861 postremo
965 2795 1054 2846 umbos
1064 2793 1128 2845 diris
1138 2793 1265 2866 devoret.

180 3014 183 3020 .
252 2933 437 3022 Lrunouu
451 2959 633 3024 Thessaliae
648 2960 763 3024 reduei
778 2959 924 3041 tetigisse
937 2959 1052 3024 cesino

297 3059 444 3138 Diceris,
461 3067 586 3126 eurutae
600 3061 721 3126 vellere
736 3061 828 3126 dives
845 3063 932 3127 ovis.

253 3159 413 3227 Gratulor
427 3163 600 3240 ineolumi,
615 3166 775 3245 quantum
790 3163 890 3242 sinis3
913 3161 978 3224 hoc
993 3167 1106 3225 temen
1119 3159 1235 3244 ipsum

299 3263 488 3328 Debueram
505 3265 630 3347 scripto
645 3264 768 3328 certior
782 3283 857 3327 esee
870 3269 950 3328 tuo.¹

289 3429 324 3478 l's
335 3429 452 3492 appulisse
461 3430 547 3478 rimeris
556 3431 610 3479 sani
621 3429 700 3478 reduci
711 3431 742 3478 ud
753 3428 836 3477 littora
849 3427 983 3489 matie,
997 3428 1063 3476 dives
1078 3443 1111 3478 ex
1122 3429 1208 3478 eelim
1218 3431 1306 3480 urielis
1315 3443 1354 3478 ss·

255 3493 300 3542 rei.
334 3495 425 3543 Gruter
437 3493 484 3542 tibi
493 3495 568 3557 sulse,
586 3499 699 3558 qrmsturs
707 3507 751 3557 per
761 3498 785 3542 le
796 3493 857 3541 liert.
890 3493 930 3541 Dr
940 3507 968 3541 es
983 3507 1011 3541 re
1020 3497 1099 3542 tusses
1114 3507 1158 3554 ego
1168 3493 1298 3544 drismrs
1309 3507 1354 3544 eru

719 3620 893 3640 mm

287 3705 303 3750 l
320 3700 461 3751 Iseoluruess
473 3701 654 3752 unnsllloreti.
690 3699 890 3764 Guelferbytsni
901 3714 959 3750 enm
974 3700 1079 3764 seriptis
1090 3707 1117 3750 et
1125 3699 1208 3750 editis
1225 3659 1356 3767 plerisque

746 3837 852 3887 NOTAE

290 3943 457 4005 urrerem]
475 3942 573 3992 l’striae
586 3949 648 3991 tuae.
826 3941 943 3991 risnurei
955 3940 1067 3991 fsbulsus
1079 3945 1204 4007 postenin
1215 3947 1357 3996 Metamor·

292 4018 420 4082 fetigisse]
446 4016 478 4074 ld
491 4023 540 4079 est,
552 4017 676 4081 redivisse
687 4015 785 4065 ineolu·
827 4017 898 4081 plrosi
908 4017 1059 4068 videbimus.

258 4091 315 4141 mis.
859 4097 874 4142 8
893 4093 1015 4148 Quum
1024 4094 1094 4158 siris]
1113 4095 1172 4144 Non
1181 4103 1288 4160 poterat
1300 4112 1359 4162 gun·

287 4171 304 4216 2
320 4166 433 4229 Auula]
449 4167 697 4218 Decuntstissimsm
709 4167 787 4218 velle·
827 4169 891 4220 dere
902 4171 1057 4238 Hypsipyle,
1065 4185 1114 4222 neo
1122 4187 1155 4222 ex
1164 4174 1359 4236 sermonumt,
