2856 4734
573 333 782 388 rrnrsrre.
1202 319 1228 388 9

114 481 258 561 inducit,
282 499 385 566 quem
418 481 448 546 si
470 479 652 566 Evangelio
682 482 887 548 credidisset.
930 479 1037 567 Cujus
1068 481 1226 551 ridiculos

115 603 238 650 versus
251 585 370 650 referre
385 584 504 667 piguit.
549 584 713 668 Superest
722 585 807 668 jam,
822 591 859 650 nt
872 591 940 651 tam
954 585 1037 652 bene
1053 583 1095 650 de
1109 585 1226 650 melio·

115 687 211 752 ribus
231 686 337 751 literis
359 705 458 770 paene
480 707 502 752 a
521 705 626 770 puero
640 687 750 752 meriti
764 687 877 752 doleas
890 687 995 762 vices,
1008 686 1066 770 qui
1081 684 1227 770 Augusti

115 789 213 865 iram,
237 787 454 872 usqueadeo
476 787 608 852 Tiberii
629 789 834 854 successoris
858 788 1034 866 saevitiam,
1056 788 1138 854 nihil
1154 807 1226 856 nun

114 895 280 974 expertus
304 895 425 968 tamen,
447 889 574 956 mollire
597 909 745 974 unquam
768 892 888 972 potnit.
933 889 1010 970 Qua
1027 909 1132 956 causa
1154 898 1225 959 tam

114 1009 238 1075 aspera
251 991 346 1054 illurn
360 991 499 1070 lassarit,
524 999 564 1058 ut
585 993 695 1058 nullus
716 993 822 1058 veniae
844 993 942 1058 suerit
963 994 1058 1058 locus
1074 993 1224 1072 relictus,

114 1093 216 1160 multi
251 1093 459 1177 conjiciendo
493 1097 628 1180 assequi
664 1096 879 1178 studuerunt}
908 1114 1037 1181 nosque
1055 1096 1166 1172 ,etiam
1190 1097 1225 1160 in

113 1195 223 1274 Notis
244 1215 287 1260 ea
302 1196 344 1261 de
366 1216 403 1262 re
427 1197 623 1264 sententiam
646 1205 794 1264 nostram
810 1197 968 1267 diximus.
1012 1203 1072 1277 At,
1090 1219 1131 1264 ns
1148 1200 1225 1282 plus

114 1317 219 1381 aequo
243 1298 445 1382 conjecturae
475 1307 598 1364 nostres
626 1299 751 1364 favisse
785 1299 947 1378 dicamur,
979 1300 1119 1364 libenter
1143 1299 1225 1364 viris

114 1399 227 1468 doctis
245 1400 451 1479 assentimur,
463 1400 523 1484 qui
538 1399 673 1465 modum
685 1420 806 1484 ponere
821 1401 1005 1466 curiositati
1018 1403 1122 1468 satius
1139 1401 1225 1466 dux·

115 1507 211 1564 erunt
225 1501 260 1564 in
273 1521 319 1578 re,
331 1521 431 1585 quam
450 1503 579 1570 nescire
592 1521 629 1566 se
644 1521 777 1586 quoque
791 1502 876 1567 velle
888 1507 1029 1568 testatus
1048 1508 1099 1568 est
1114 1501 1148 1567 N
1150 1521 1225 1584 aso,

114 1603 191 1686 ipse
205 1609 369 1686 praeterea
383 1602 528 1670 offensus
544 1603 732 1688 Imperator
745 1603 978 1684 dissimulavit,
993 1622 1093 1689 quam
1105 1591 1222 1672 manas

116 1704 209 1770 illius
241 1705 420 1771 solicitare.
478 1704 729 1793 cajuscumqus
762 1717 806 1774 'ea
840 1705 940 1776 suerit
973 1709 1115 1792 generis,
1146 1707 1225 1772 ideo

117 1806 224 1872 exilio
233 1807 414 1872 mulctatus
429 1816 499 1874 est:
521 1809 612 1894 quod
627 1811 716 1894 sugas
731 1813 864 1878 nomine
876 1811 1097 1894 omnibusque
1112 1808 1223 1883 modis

116 1909 220 1974 lenire
236 1914 388 1986 conatus,
400 1909 519 1977 Tomis
534 1912 831 1995 impatientissime,
845 1917 959 1996 utpote
973 1913 1056 1978 iuter
1068 1911 1224 1996 Scythas,

115 2006 269 2076 homines
291 2011 439 2076 maxime
458 2013 630 2091 barbaros,
656 2013 720 2078 sub
746 2013 835 2080 eoelo
856 2013 1092 2092 inmitissimo,
1106 2013 1224 2078 etlou-

116 2112 255 2193 gissime
274 2112 319 2176 ab
351 2113 503 2177 omuibus
528 2114 710 2180 amicorum
740 2115 885 2197 aliisque
910 2113 1039 2180 deliciis
1063 2119 1223 2192 remotas,

116 2211 281 2279 tolerasse
303 2218 454 2280 testatur.
498 2213 702 2299 Quanquam
724 2236 766 2282 ne
787 2221 855 2282 tam
870 2215 1005 2301 quidem
1023 2215 1121 2280 malis
1141 2215 1223 2290 suis,

114 2333 226 2400 neque
240 2316 436 2399 aegritudine
448 2319 551 2384 animi
565 2319 754 2384 consectum
774 2318 891 2395 fuisso,
906 2337 1006 2402 quam
1019 2316 1105 2380 velle
1116 2313 1224 2379 videri

117 2417 335 2500 crediderim3
357 2424 394 2484 ut
419 2419 548 2486 seilicet
572 2417 719 2504 Augusti
743 2418 966 2494 clementiam,
984 2417 1014 2480 si
1028 2425 1104 2500 'qua
1125 2419 1224 2492 esset,

116 2526 328 2599 adversust
349 2521 491 2586 reditum
513 2541 624 2601 suum,
639 2521 695 2588 vel
717 2522 836 2588 saltem
848 2519 916 2586 loci
931 2517 1224 2584 commutationem

115 2621 316 2706 impetraret.
359 2620 461 2688 Anno
485 2624 600 2688 mundi
620 2625 709 2690 3957
722 2629 801 2710 post
816 2621 988 2688 Christum
1001 2623 1115 2684 uatum
1129 2623 1223 2684 oote-

115 2740 175 2800 vo,
195 2741 271 2786 oum
293 2724 369 2806 ipsa
383 2723 480 2791 Naso
500 2726 806 2811 quinquagesimum
821 2728 945 2806 ageret,
962 2720 1130 2806 siquidem
1143 2719 1225 2785 Hir·

116 2824 169 2890 tio
185 2825 345 2892 etParse
358 2826 572 2907 Consulibus,
592 2827 746 2912 adeoque
765 2825 879 2890 muudi
893 2825 980 2890 3907
1001 2829 1111 2901 nutus,
1131 2821 1224 2888 Urbe

114 2926 247 3011 ejectus
280 2933 351 3012 est3
385 2929 521 2994 domum
554 2929 711 3013 amplam
747 2943 849 3010 qnam
883 2925 1004 2991 habuit
1037 2921 1224 2992 secundnm

116 3027 335 3113 Capitolium,
349 3033 456 3116 neque
479 3032 594 3098 lrortos
608 3031 855 3097 amoenissimos
875 3046 981 3112 prope
994 3025 1084 3093 riam
1099 3024 1224 3090 Flami·
1345 3107 1351 3116 ¹

115 3130 221 3208 niam,
233 3149 399 3215 uunquam
412 3133 555 3198 visurus.
600 3131 719 3198 Tomis
734 3131 777 3196 ad
799 3129 900 3196 Ponti
914 3128 1039 3194 Euxini
1053 3133 1086 3192 et
1109 3127 1225 3196 Dauni·

116 3231 168 3296 bii
189 3252 280 3312 oras,
302 3253 371 3317 quo
399 3235 574 3318 ablegatus
595 3232 702 3298 sumat
733 3251 793 3316 per
814 3249 936 3296 novem
960 3247 1064 3294 anuos
1092 3228 1224 3297 ciroiter

116 3335 226 3417 rixit;
248 3334 366 3400 deinde
383 3335 510 3402 ibidem
528 3335 600 3402 iate
620 3334 756 3402 functus
776 3336 838 3411 est,
853 3331 930 3398 Tib.
956 3332 1039 3416 imp.
1056 3331 1092 3397 S.
1107 3331 1224 3398 Tomi·

114 3445 267 3503 tanomm
288 3438 471 3504 barbariem
504 3457 545 3503 eo
574 3454 681 3521 usque
708 3434 868 3502 molliisse
888 3433 998 3502 nnllns
1031 3433 1165 3514 dubito,
1185 3439 1224 3524 nt

116 3538 279 3606 amissam
309 3540 468 3624 lugerent,
503 3539 646 3624 ejusque
665 3539 765 3604 sunus
797 3555 869 3620 quo
902 3537 1053 3603 maximo
1085 3542 1224 3622 possent

115 3641 241 3706 honore
277 3647 559 3725 prosequerentur.
610 3638 766 3706 Ceterum
803 3635 1019 3724 Epitaphium
1053 3637 1222 3716 Lausum,

115 3743 206 3826 quod
229 3744 347 3828 tymbo
372 3763 435 3810 seu
461 3740 638 3826 sepulchro
661 3733 777 3826 ipsius¹
796 3741 1005 3825 inscriptum,
1020 3743 1120 3822 atque
1134 3755 1222 3806 anno

115 3844 205 3910 15⁰8
228 3849 394 3929 repertum
417 3843 562 3916 nonnrrlli
582 3849 759 3922 testamur,
782 3842 977 3926 neudquam
998 3839 1144 3922 Augusti
1168 3833 1223 3906 vel

114 3943 243 4014 'liberii
265 3965 379 4014 aevum
400 3965 534 4032 sapere,
556 3945 682 4031 optime
709 3963 790 4012 saue
811 3945 874 4012 riri
897 3944 991 4010 dooti
1013 3945 1222 4007 censuerunt.

116 4045 312 4136 Quinetiam
325 4055 468 4135 quatuor
489 4067 620 4129 versus,
635 4047 758 4134 quibus
778 4042 861 4114 illud
884 4047 1025 4122 oonstut.
1036 4042 1222 4114 describere

112 4153 200 4220 tanti
222 4170 291 4220 uon
308 4159 364 4220 est
378 4149 499 4224 visum.
536 4151 703 4270 (inaquam
717 4149 891 4236 reliquisse
904 4147 1018 4216 rolant
1032 4143 1225 4240 Comelimp
