2856 4734
572 367 778 420 ransarro.
1207 355 1230 420 d

110 531 251 593 omues,
279 512 315 580 ui
334 512 448 594 senor,
474 513 577 580 decus
600 533 699 582 suun
720 520 755 580 et
779 513 980 582 suavitatem
1000 531 1047 586 ex
1074 515 1229 600 ingenua,

113 618 297 703 quom-rix
311 637 374 683 suo
395 617 527 684 nomine
540 617 695 696 dixerim,
710 618 907 702 nescioquo
922 635 998 682 sese
1009 635 1142 702 semper
1160 619 1232 686 ala·

114 721 213 786 orius
228 725 265 786 et
285 720 321 786 iu
339 722 456 786 melius
470 719 803 804 effingentelenitete
821 727 925 804 atque
938 719 1127 786 urbanitate
1141 721 1231 788 miri·

114 821 199 901 lica,
221 841 291 906 qua
309 821 662 901 efficimrut,mu1ato
683 823 772 887 omni
785 821 963 888 uerborum
983 823 1231 901 ornatu,i1nmo

114 931 153 991 et
182 944 293 990 rerum
316 924 466 1010 ipsarum
489 924 648 1002 utilitate,
675 923 821 1007 supersit
846 921 957 987 adhuc
983 921 1126 1007 aliquid,
1139 921 1232 1008 quod

115 1027 271 1092 animum
288 1019 445 1104 detineat,
460 1025 551 1111 quod
575 1026 731 1102 oblectet,
745 1023 835 1108 quod
854 1023 992 1108 insuper
1016 1023 1071 1090 vel
1090 1023 1232 1092 invitum

116 1145 301 1212 sequacem
315 1131 350 1191 et
369 1127 535 1192 lubentem
549 1125 683 1192 efficiat.
729 1125 866 1191 Scilicet
887 1125 944 1190 illa
962 1145 1031 1191 non
1049 1125 1115 1191 luit
1127 1125 1232 1192 modo

116 1228 252 1292 artibm
267 1228 376 1293 omnis
392 1228 521 1311 generis
538 1227 803 1306 excultissimus,
817 1233 852 1293 et
865 1228 1013 1292 omnium
1027 1229 1232 1311 praecellenti

117 1328 303 1414 disciplina
315 1349 447 1395 morum
462 1329 506 1396 od
526 1329 849 1414 contemplationem,
873 1334 909 1394 ut
933 1328 1052 1408 solent,
1075 1335 1134 1395 aut
1156 1330 1231 1397 ina·

116 1449 197 1496 nem
212 1431 449 1517 loquacitatem
463 1432 507 1497 ad
527 1432 688 1497 ambitum
709 1450 818 1516 usque
841 1432 1008 1512 imbutus3
1032 1430 1104 1510 sed,
1127 1439 1232 1517 caput

117 1532 217 1616 qnod
230 1533 295 1600 fuit
308 1533 413 1599 totius
427 1535 485 1612 rei,
499 1536 639 1618 paratas
663 1532 711 1599 ita
723 1533 853 1612 habuit,
874 1537 1011 1616 tamque
1025 1531 1092 1598 alte
1106 1533 1195 1600 bono
1207 1553 1232 1600 a

116 1639 241 1700 natura
252 1635 386 1720 iugenio
407 1634 529 1700 infixas
551 1634 740 1700 rarissimas
754 1635 903 1712 mrtutes,
928 1634 1121 1715 candorem,
1144 1636 1230 1703 inte·

118 1735 286 1818 gritatem,
302 1735 582 1814 commoditatem,
605 1737 882 1817 benevolentiam,
906 1737 1057 1824 aliusque
1075 1739 1231 1806 humani·

118 1847 227 1906 tatem
239 1859 410 1926 quaerere
425 1841 573 1924 sapiunt,
592 1847 632 1904 ut
646 1839 716 1904 illea
730 1839 807 1925 ejus
824 1859 883 1906 ore
908 1842 1046 1925 spirare,
1059 1859 1231 1927 vocesque

118 1939 198 2026 ejus
212 1941 381 2008 effundere
394 1960 483 2007 nunc
497 1942 598 2006 etiam
612 1941 799 2008 videantur.
840 1939 952 2024 ,0qu
973 1942 1024 2007 rei
1047 1942 1230 2013 documen·

119 2049 194 2110 tum
208 2045 337 2128 insigne
351 2044 416 2110 hoc
427 2063 565 2128 quoque
582 2042 691 2123 fuerit,
705 2042 795 2128 quod
810 2042 854 2108 ab
868 2043 1095 2110 infestissimis
1119 2044 1231 2110 iuimi-

120 2146 173 2211 cis
187 2166 250 2232 per
263 2149 446 2212 maximam
461 2145 652 2212 socordiam
665 2146 855 2225 lacessitus,
868 2151 1022 2232 tempore
1039 2148 1146 2226 exilii,
1161 2164 1231 2214 non

119 2245 265 2316 humane
286 2254 412 2314 tautum
438 2247 569 2313 illorum
590 2246 730 2331 injurias
757 2246 843 2325 tulit,
869 2247 929 2312 sed
960 2249 1093 2313 nomina
1127 2249 1231 2316 etiem

119 2349 315 2430 eorundem,
338 2351 401 2417 vix
415 2348 551 2415 aliunde
576 2349 820 2432 cognoscenda,
839 2348 1077 2414 dissimulavit.
1120 2348 1231 2415 Urba·

120 2451 265 2518 nissima
295 2453 408 2537 itaque
428 2450 516 2532 haec,
538 2455 673 2536 umque
705 2449 861 2515 amabilis
890 2449 1021 2514 dicendi
1049 2455 1085 2516 et
1110 2451 1232 2535 mendi

122 2553 211 2619 ratio
223 2573 299 2620 cum
314 2553 531 2619 subtilissima
543 2556 577 2618 et
598 2551 853 2636 accuratissime
874 2551 1009 2635 singula
1034 2552 1231 2638 exquirendi

122 2653 285 2722 facilitate
299 2655 476 2741 conjuncta
492 2653 628 2723 laudem
652 2653 835 2720 maximam
846 2655 905 2721 illi
928 2654 1048 2735 secere,
1060 2662 1096 2721 et
1110 2655 1232 2722 burba-

123 2774 233 2821 rorum
265 2759 364 2823 etiam
400 2758 528 2822 animos
549 2757 649 2824 facile
676 2757 913 2824 conciliavere:
932 2764 979 2823 ut
999 2759 1116 2824 meritc
1136 2757 1231 2824 illum

123 2865 222 2925 omne
241 2861 357 2926 pense
376 2865 538 2945 punctum
557 2878 709 2926 asserere
732 2859 934 2942 audeamus;
956 2861 1106 2944 quicum
1121 2860 1238 2926 boum,

123 2967 216 3026 esset
225 2967 261 3027 et
275 2961 407 3028 dicendi
421 2963 561 3048 pennas,
573 2961 738 3028 monendo
753 2964 886 3045 pariter,
902 2967 1004 3047 atque
1019 2959 1230 3040 delectando,

123 3061 204 3128 aule
217 3062 320 3144 dulci,
340 3083 402 3149 pro
422 3085 627 3132 summorum
639 3067 674 3130 in
686 3065 739 3132 his
754 3064 882 3130 artibus
894 3065 1041 3131 virorum
1055 3063 1231 3143 sententia,

121 3168 192 3230 ,tarn
207 3167 369 3250 praeclare
387 3170 568 3236 miscuerit.
612 3167 691 3234 Neu
703 3185 782 3233 vero
796 3173 919 3232 tamem
932 3167 1114 3250 quisquam
1126 3152 1232 3248 negli-

6 3349 12 3360 ἱ
126 3267 272 3350 gentiam
286 3275 332 3333 e'x
344 3268 521 3350 facilitate,
534 3276 593 3338 aut
611 3269 724 3336 lucum
738 3287 783 3334 ex
797 3273 866 3334 arte
875 3267 1061 3333 'mvissatus
1074 3267 1141 3350 sit;
1162 3267 1230 3347 rel,

126 3368 215 3454 quod
227 3371 374 3456 iniquius
385 3372 480 3452 ieret,
499 3373 640 3439 virtutes
654 3374 740 3460 ejus,
756 3371 848 3458 quod
869 3369 1048 3449 naturales
1063 3371 1232 3456 autquod

126 3471 238 3538 studio
262 3481 407 3558 paratae,
438 3475 673 3557 solicitaverit3
701 3480 769 3540 tam
796 3477 875 3559 apte
897 3472 980 3538 inter
1005 3489 1042 3538 se
1066 3469 1233 3540 coherent

126 3573 296 3658 diligentia
316 3575 392 3660 ejus
416 3581 451 3643 et
470 3576 635 3658 facilitcs;
665 3595 749 3660 opes
778 3574 953 3659 acquisitae
976 3573 1024 3640 ita
1049 3580 1166 3660 aperte
1187 3589 1232 3662 a!

127 3675 258 3742 dotibus
282 3677 390 3744 fluunt
410 3679 546 3762 ingenii,
569 3684 691 3744 utnon
715 3677 804 3743 male
828 3676 968 3762 singulis
986 3675 1055 3742 illis
1069 3676 1159 3761 quod
1180 3665 1254 3740 est'

126 3778 282 3859 omnium,
309 3785 345 3847 et
367 3782 443 3846 vice
461 3801 558 3847 versa
578 3782 638 3846 vix
661 3780 819 3846 omuibus
841 3779 932 3864 quod
950 3783 1003 3845 est
1015 3777 1230 3862 singularum,

126 3882 301 3947 Mbuere
319 3901 423 3968 posse
444 3885 554 3969 prima
575 3882 682 3948 fronte
695 3883 810 3967 quivis
824 3881 1004 3948 existimet.
1049 3879 1131 3946 Nisi
1144 3876 1232 3945 sorta
1284 3913 1288 3920 ·

127 3982 306 4068 quispiam,
320 3986 402 4069 quia
415 3985 583 4070 insigniter
596 3985 749 4052 Nasonis
764 3984 999 4068 dissimulatus
1013 3988 1067 4046 est
1086 3980 1183 4046 labor
1196 3984 1232 4046 at

127 4103 216 4164 cura,
232 4091 335 4172 atque
348 4087 393 4153 ad
406 4087 555 4168 laborem
572 4092 745 4166 eteorum,
758 4087 851 4158 illam
865 4085 1000 4152 seilicet
1011 4082 1232 4166 ingeniosam,

120 4185 170 4254 da
188 4205 258 4275 qua
270 4195 359 4258 nuuc
372 4189 515 4276 agimus,
530 4189 629 4258 unice
641 4189 752 4258 sactus
766 4189 908 4270 ridetur,
922 4185 1005 4256 illud
1018 4183 1110 4274 quod
1121 4182 1231 4272 mul·
