2856 4734
580 335 704 388 ‘vrum
1162 323 1207 388 17
1227 314 1232 332 ”

187 475 1055 564 Noungerlricpornumnondnlcesedncetnvs'st

230 578 311 645 Non
324 579 450 646 sniioes
462 580 550 664 ripe,
565 581 689 646 roboro
702 585 816 647 monte
826 583 949 648 virent.

184 679 285 746 Neve
299 679 421 746 fretum
433 680 553 746 leudes
567 687 654 747 terre
667 685 796 766 mugis3
820 685 957 768 sequere
970 703 1103 770 semper

228 781 415 848 Ventorum
429 783 521 848 rabie
536 779 665 850 solibus
681 787 764 850 orbe
779 790 913 851 tument.

186 882 712 972 Quocumque‘sspicios,'campi
728 888 1032 966 cultore-carentes,

228 984 415 1070 Vastaque,
431 993 508 1070 quse
523 1007 622 1051 nemo
634 987 793 1067 vindicet,
808 1006 890 1054 srva
899 989 1026 1072 jacent.

187 1085 311 1152 Hostis
327 1087 556 1168 edestdextm
567 1088 722 1172 laevnqne
736 1093 866 1175 aperte
879 1089 1057 1169 timendus,

229 1187 425 1273 Vicinoqne
438 1195 529 1254 metu
543 1197 643 1256 terret
654 1196 831 1276 utrumque
845 1191 946 1258 letus.

184 1289 304 1356 Altera
319 1291 488 1378 Bistonias
502 1289 583 1375 pers
597 1298 652 1356 est
665 1311 809 1357 sensura
824 1293 978 1375 sagittas,

230 1392 348 1458 Altera
361 1392 548 1458 Sarmatica
564 1395 696 1478 spicula
709 1393 814 1459 misse
826 1413 937 1459 menn.
960 1421 963 1428 ·

99 1493 162 1559 Sni
188 1499 300 1559 nutem
324 1494 420 1559 exilii
434 1494 523 1558 duas
546 1493 652 1558 fuisse
673 1493 723 1558 'uit
747 1498 888 1560 causas:
912 1513 1052 1579 quarum
1066 1495 1206 1564 dieram

99 1597 225 1679 ubique
249 1595 385 1676 fatetur,
413 1597 553 1661 alteram
576 1614 707 1678 semper
732 1596 922 1682 supprimit.
965 1594 1027 1661 Ait
1049 1599 1136 1664 enirn
1163 1615 1205 1665 ιι.

100 1695 154 1761 De
167 1696 274 1762 Trist.

186 1798 398 1864 Perdiderint
410 1819 485 1865 cum
499 1821 552 1865 me
565 1797 633 1866 dno
647 1801 797 1880 crimina,
813 1821 955 1880 carmen,
970 1808 1006 1868 et
1018 1821 1125 1885 error3

230 1898 378 1966 Alterius
390 1903 472 1968 iacti
487 1903 590 1988 culpa
603 1903 735 1969 silenda
747 1904 904 1980 mihi'est.

99 2001 263 2086 Persrepe
286 2002 386 2084 igitur
416 2011 452 2067 et
475 2003 578 2068 libros
612 2003 666 2069 De
690 2002 774 2069 Arte
797 2003 943 2069 Amsndi
972 2004 1207 2088 composuisse

99 2103 199 2181 dolet,
211 2102 303 2187 qnod
316 2111 496 2187 propterea
507 2102 669 2188 Augustow
680 2103 760 2170 odio
774 2123 850 2170 esse
864 2105 1017 2188 coeperit,
1032 2110 1067 2169 et
1079 2103 1206 2189 aliquid

98 2203 228 2268 vidisse
242 2223 303 2288 per
317 2210 473 2284 errorem,
500 2210 540 2270 ut
552 2205 596 2269 ob
611 2205 648 2270 id
666 2206 709 2269 in
723 2204 897 2288 Scythiam
910 2205 1206 2289 relegatus-fuerit,

100 2304 229 2371 offenso
244 2303 398 2372 Cessare:
418 2305 470 2371 ‘nit
485 2308 573 2372 enirn
585 2309 620 2372 in
635 2323 677 2371 11.
692 2307 746 2372 De
761 2307 871 2373 Ponto
886 2307 971 2388 eleg.
984 2308 1019 2372 9.

187 2405 285 2473 Neve
296 2427 391 2491 roges
404 2428 482 2493 qum
496 2411 557 2474 sit:
572 2409 710 2474 stultum
722 2427 825 2492 quem
834 2407 1034 2492 scripsimus
1046 2411 1161 2488 onem,

229 2507 399 2575 Innocuos
411 2511 509 2575 nobis
523 2509 598 2574 hoec
608 2515 706 2574 rent
719 2527 797 2574 esse·
806 2526 936 2574 munus.

187 2608 322 2694 Ecquid
335 2617 498 2697 praeterea
512 2611 692 2694 peccarim,
706 2611 856 2695 quaerere
868 2609 958 2676 noli:

231 2710 280 2777 Ut
292 2717 409 2798 petent
422 2713 497 2777 sole
510 2714 614 2796 culpe
629 2713 692 2777 sub
706 2719 776 2779 arte
786 2731 875 2778 *mec⁸

98 2813 146 2881 Et
159 2813 263 2898 punio
276 2813 413 2880 inferius
427 2814 510 2896 eleg.
524 2815 578 2879 10.

188 2913 287 2979 Naso
301 2935 419 3000 parum
433 2915 583 2999 prudens
596 2920 701 2978 artem
714 2915 793 2980 dum
807 2915 925 2980 scribit
938 2915 1087 2996 emundi,

230 3016 400 3083 Doctrinae
413 3016 555 3101 pretium
569 3016 666 3080 triste
681 3017 836 3100 magister
848 3017 959 3100 hebet.

98 3117 144 3184 lit
156 3118 194 3183 in
209 3134 267 3183 ιιι.
284 3115 328 3183 nd
342 3116 500 3183 Amorem
513 3119 597 3200 eleg.
612 3119 646 3184 3.

160 3217 163 3224 ’
189 3219 364 3286 Νοοίιιιίε
378 3221 443 3285 hoc
457 3219 578 3300 fueret,
594 3220 717 3287 stultns
732 3239 867 3305 qnoque
882 3221 1029 3288 carmine
1042 3221 1119 3302 feci,

231 3315 376 3385 Artibus
388 3325 427 3385 ut
439 3339 559 3404 posses
573 3339 638 3386 non
652 3320 746 3386 rudis
760 3341 837 3386 esse
851 3323 946 3388 meis.

188 3422 260 3487 Pro
272 3424 395 3507 quibus
409 3423 548 3488 exilium
561 3423 683 3488 misero
697 3422 779 3486 mihi
793 3422 924 3489 redditu
937 3443 1078 3505 meroes,

231 3522 274 3588 Id
289 3541 424 3608 quoque
438 3525 473 3588 in
488 3524 648 3590 extremis
663 3531 699 3588 et
712 3524 787 3588 sine
800 3545 885 3608 poce
899 3527 998 3592 locis.

99 3627 141 3694 In
155 3623 276 3691 eodem
290 3627 339 3692 sic
353 3624 513 3691 Amorem
528 3627 596 3691 sibi
609 3625 862 3711 respondentem
877 3627 1005 3694 inducit
1016 3629 1208 3696 insomnis:

188 3725 302 3810 thue
315 3727 392 3806 hoe,
406 3727 457 3792 sic
471 3727 598 3792 utinam
612 3726 790 3791 defendere
805 3727 916 3794 ce'tere
928 3739 1067 3814 posses:

231 3828 311 3894 Scis
321 3828 427 3907 alind,
442 3830 536 3912 quod
549 3829 733 3907 teleeserit,
747 3833 958 3915 essemngis.

96 3929 146 3997 Et
159 3930 197 3996 in
212 3947 264 3995 tv·
276 3931 321 3996 ad
336 3929 645 4016 Gnrnm‘epist.13'.

187 4029 254 4098 Ille
268 4031 405 4116 quidem
417 4033 507 4098 dixit
514 4033 533 4115 ’;·
549 4032 612 4098 sed
622 4051 676 4098 mc
685 4035 771 4118 jam,
786 4033 884 4115 Cure,
898 4032 1003 4102 nivali

209 4153 214 4190 r
231 4131 336 4200 Sexto
348 4133 525 4218 ntegrum
537 4137 657 4202 brume
665 4137 735 4201 'sub
748 4137 931 4204 nxeuidet.

165 4247 440 4316 marnam
619 4251 693 4306 Ouid.
1117 4255 1141 4306 B
