2856 4734
606 325 711 384 umas
833 343 848 360 =·
1159 313 1218 394 rs

192 465 356 538 Ponticus
372 469 502 550 Heroo,
518 461 642 540 Battus
656 491 794 558 quoque
808 474 921 542 clarus
936 473 1077 551 lumbis,

235 571 363 639 Dulcia
377 575 552 646 convictus
564 578 714 642 membru
727 577 821 642 tuere
834 577 911 642 mei.

191 671 345 740 Detiuuit
359 681 491 742 nostras
502 695 699 748 numerosus
715 677 880 746 Horatius
893 697 1018 758 aures,-

236 777 326 844 Dum
341 777 417 842 ierit
431 775 585 846 Ausonia
598 781 747 848 carmina
759 781 852 848 cultu
864 781 947 864 lyra.

189 879 368 966 Virgilium
382 882 453 950 vidi
466 889 612 950 tautum:
632 903 693 950 osc
707 903 809 950 avara
820 881 958 950 Tibullo

233 983 382 1066 Tempus
396 986 556 1052 amicitias
570 986 642 1051 tatu
653 985 771 1052 aedes
784 1003 879 1052 mess.

190 1083 375 1150 Successor
387 1085 450 1153 tuit
462 1087 518 1154 bic
532 1089 606 1165 tibi,
621 1085 734 1165 Galle,
750 1087 946 1172 Propertius
961 1087 1023 1168 illi,

235 1188 383 1268 Quartus
398 1191 443 1254 sb
453 1189 507 1254 bis
521 1192 605 1256 serie
620 1191 781 1273 temporis
794 1189 870 1273 ipse
883 1190 950 1256 tui:

192 1287 309 1373 thue
323 1309 385 1374 ego
398 1291 557 1375 majores,
572 1291 622 1356 sic
636 1311 691 1356 me
707 1292 839 1356 coluere
852 1291 1015 1358 minores:
1122 1295 1128 1354 ζ

236 1391 397 1476 Notaque
410 1413 475 1461 noo
489 1394 584 1462 tarde
599 1393 688 1460 tacta
697 1394 820 1460 Tbsiis
831 1413 910 1460 meu
922 1400 985 1460 est

104 1493 144 1559 iu
157 1494 307 1561 secundo
321 1493 364 1559 de
377 1495 546 1562 Tristibus
562 1515 599 1560 su
621 1500 655 1560 et
678 1495 888 1560 causidicum
909 1495 1018 1560 tuisse
1031 1495 1158 1576 scribit,
1180 1501 1214 1570 et

102 1595 139 1660 iu
153 1596 296 1680 privatis
311 1597 425 1662 causis
440 1597 612 1674 arbitrum,
626 1596 679 1660 tris
694 1594 866 1662 versibus:
1006 1609 1009 1614 '

192 1697 269 1764 Nec
283 1698 370 1764 mute
384 1699 563 1766 commissa
575 1704 628 1766 cst
639 1699 737 1766 uobis
752 1698 884 1766 fortuna
897 1717 1038 1779 rsonmr,

236 1799 354 1885 Usque
369 1800 486 1868 decem
500 1802 613 1868 decies
626 1801 838 1882 inspicienda
852 1801 947 1868 uiris.

192 1901 266 1967 Res
281 1921 416 1986 quoquc
431 1904 582 1985 privatas
596 1903 697 1970 sutri
712 1903 785 1968 sins
799 1905 936 1970 cumino
945 1903 1073 1987 judex:

235 2005 355 2090 Deque
368 2024 443 2070 mes
456 2005 550 2072 tasse
564 2011 615 2072 ost
629 2023 707 2090 pars
719 2025 851 2090 quoque
865 2006 956 2072 uicts
968 2005 1045 2072 tide.
1132 2061 1135 2068 .

105 2107 278 2192 Beniguus
302 2108 404 2174 etiam
423 2107 513 2174 adeo
536 2109 613 2186 tuit,
639 2113 677 2174 ut
699 2107 812 2174 nullus
835 2127 981 2192 uuquam
995 2125 1097 2192 opus,
1124 2105 1214 2192 quod

104 2209 181 2296 ipss
203 2215 447 2294 composuerat,
477 2213 651 2295 carpserit.
711 2209 816 2290 Quod
842 2209 893 2274 sic
920 2211 997 2294 ipse
1021 2215 1160 2276 erretur
1181 2210 1217 2276 itt

103 2311 205 2377 'frisi
223 2327 273 2374 ιν.
288 2311 374 2392 eleg.
387 2311 442 2377 10.
687 2355 691 2362 -

193 2413 270 2478 Nec
286 2413 343 2497 qui
357 2413 522 2480 detrectat
535 2412 730 2497 praesentia,
745 2413 832 2478 livor
843 2411 961 2494 iniquo

236 2515 350 2580 Ullum
364 2514 405 2580 de
419 2517 538 2580 austris
551 2514 649 2580 deute
662 2513 844 2578 momordit
858 2531 957 2598 opus.

106 2617 187 2683 Fuit
209 2622 244 2682 et
264 2619 416 2688 moribus
440 2618 694 2682 ornatissimus:
716 2635 794 2681 uam
816 2617 979 2681 etvinum
1003 2615 1218 2699 multusque

104 2719 248 2784 dilutum
269 2721 417 2798 bibebat,
439 2726 475 2784 et
497 2739 519 2784 a
532 2718 733 2784 detestando
757 2709 939 2803 puerorum
961 2717 1143 2784 concubitu
1156 2719 1217 2784 ab·

104 2821 273 2899 borrebst,
297 2827 432 2906 eratque
457 2839 564 2904 purus
585 2821 695 2886 omnis
722 2819 868 2884 sceleris.
913 2819 973 2886 Sic
995 2819 1083 2903 euim
1104 2821 1177 2904 ipse
1191 2835 1216 2883 1.

106 2921 164 2988 De
180 2920 302 2987 Ponto.
317 2922 398 3006 etQ.
414 2923 467 2988 10.

194 3025 325 3090 Parvus
337 3026 372 3090 iu
385 3026 492 3091 exiles
505 3044 631 3090 succus
642 3025 725 3090 mitri
741 3024 891 3109 pervenit
904 3027 1009 3104 artus,

240 3126 461 3211 Membraque
476 3133 551 3192 suut
565 3147 643 3192 cers
655 3125 835 3212 pallidiora
847 3143 949 3190 nove.

194 3227 275 3295 Nou
288 3231 362 3296 irasc
377 3229 558 3296 immodico
573 3231 728 3296 contraxi
742 3229 862 3293 damus
875 3227 1000 3311 Lyaeos

238 3333 315 3398 Scis
330 3335 411 3402 mibi
426 3353 527 3418 quam
542 3333 625 3400 solea
640 3353 737 3418 poeoc
750 3332 905 3397 bibuutm
919 3349 1030 3414 aqum.

194 3431 277 3500 Nou
291 3435 401 3519 epulis
417 3453 556 3500 oneror:
579 3435 760 3518 quarums‘
775 3439 891 3518 tangar
903 3451 1031 3512 amore,

238 3537 302 3600 Est
316 3545 427 3600 tumen
441 3537 476 3600 in
491 3535 623 3606 Geticis
637 3538 737 3620 copia
751 3536 843 3600 nulla
855 3536 953 3600 locis.
1096 3559 1101 3570 ·

195 3637 275 3704 Nec
290 3640 378 3704 vires
391 3639 508 3706 adimit
521 3639 663 3704 Veneris
677 3639 839 3702 domum
853 3638 1037 3721 voluptas:

240 3739 321 3805 Nou
335 3741 471 3808 soletis
483 3747 624 3807 moestos
639 3741 699 3806 itta
711 3739 823 3805 venire
839 3747 944 3804 toros.

107 3843 194 3912 urm
209 3843 246 3908 in
261 3842 409 3908 secundo
424 3843 478 3908 De
492 3842 576 3908 Arte
592 3840 737 3906 Amaudi
751 3842 819 3906 sit:

197 3943 265 4009 Odi
279 3945 487 4023 concubitus,
504 3947 561 4029 qui
575 3963 641 4009 nou
654 3944 823 4029 utrimque
836 3945 1026 4012 resolvunt:

241 4046 321 4112 Hoc
336 4052 399 4124 est,·
414 4067 473 4115 cur
483 4048 707 4130 pueri-tangor
720 4067 834 4112 umore
848 4045 970 4112 minum

78 4183 83 4190 ·
107 4147 151 4218 1n
166 4148 318 4217 secundo
332 4156 447 4214 autem
462 4149 515 4214 De
530 4149 650 4227 Ponto,
665 4149 747 4232 eleg·
761 4151 795 4216 7.
809 4147 862 4214 sic
876 4145 1013 4216 scribit:
