2856 4734
216 287 262 354 2⁰
582 301 616 352 n.
640 299 762 350 ovruu
786 299 948 352 nasonis

216 447 263 515 Et
272 447 308 512 in
322 443 437 510 codem
449 442 562 529 Epist.
575 445 608 510 9.
622 449 744 512 numan
766 444 911 530 Augusti
932 451 1037 531 rogat,
1052 452 1091 512 nt
1116 444 1181 512 sibi
1202 445 1321 530 igms·

215 557 320 628 catur,
335 551 520 632 praesertim
533 569 609 612 eum
625 549 667 613 de
681 549 740 615 illo
754 568 845 615 noro
861 549 934 615 Deo
948 548 1037 616 iacto
1051 547 1201 614 libellum
1211 549 1321 634 scrip-

214 651 306 718 serit.
351 648 410 714 Ait
424 649 533 716 enim:

298 751 354 817 'l‘n
368 757 456 816 certe
470 752 539 816 scis
553 751 639 827 haeo,
655 752 785 836 superis
798 752 914 828 ascite,
929 749 1113 834 ridesque,

344 853 471 930 Caesar,
484 859 521 918 nt
534 859 589 918 est
601 854 710 918 oculis
724 853 860 918 subdita
873 859 959 917 terra
972 852 1049 916 tuis.

296 955 351 1022 Τιι
363 961 495 1019 nostras
509 953 606 1020 andis
622 955 704 1020 iuter
719 973 873 1020 convexa
883 955 1013 1019 locatas

340 1055 467 1132 Sidera,
482 1055 611 1120 solicito
625 1074 713 1140 quas
728 1055 846 1120 damus
862 1075 920 1121 ore
934 1071 1060 1138 preces.

296 1157 496 1222 Perveuient
510 1156 589 1220 illuc
603 1161 635 1220 et
650 1158 798 1222 carmina
812 1155 948 1220 forsitan
963 1153 1034 1231 illa,

338 1255 426 1337 Quae
441 1258 484 1322 de
497 1263 531 1324 te
545 1258 668 1341 scripsi
682 1259 795 1324 coelite
807 1258 902 1322 tacta
914 1274 1017 1321 novo.

293 1357 449 1442 Auguror
459 1359 511 1424 his
525 1360 625 1442 igitur
638 1359 726 1424 flecti
741 1363 800 1423 tua
812 1357 965 1422 numina:
987 1373 1048 1420 nec
1062 1359 1099 1420 tu

337 1459 506 1526 Immerito
521 1478 639 1524 nomen
652 1460 734 1522 mite
750 1460 899 1543 parentis
913 1458 1027 1523 habes.

207 1561 353 1644 Scripsit
377 1565 453 1626 ante
483 1560 623 1625 exilium
651 1557 837 1624 Heroidum
870 1559 1031 1642 epistolas
1058 1556 1235 1642 plurimas,
1270 1559 1314 1626 dc

206 1662 388 1726 Amoribus
414 1661 458 1726 ad
476 1660 656 1725 munnam
681 1660 787 1723 libros
809 1675 844 1724 v.
870 1678 955 1744 quos
980 1663 1098 1742 postea
1122 1656 1314 1740 diligentins

204 1763 395 1845 recognitos
409 1763 444 1826 in
457 1765 523 1826 tres
537 1759 676 1843 redegit,
691 1759 780 1844 quod
794 1763 843 1826 sic
856 1762 931 1845 ipse
946 1762 979 1824 in
995 1778 1019 1824 ι.
1035 1759 1231 1826 eorundem:

291 1862 359 1942 Qui
375 1864 475 1928 modo
488 1863 639 1928 Nasonis
652 1863 820 1929 fueramus
833 1865 979 1948 quinque
991 1862 1108 1940 libelli,

332 1963 416 2028 Tres
430 1983 567 2028 snmus:
590 1963 654 2028 hoc
665 1963 714 2026 illi
730 1963 879 2047 praetulit
891 1969 1007 2028 auctor
1020 1982 1118 2047 opus.

204 2064 257 2128 De
271 2069 340 2129 arte
355 2065 501 2130 Amandi
513 2065 616 2128 libros
630 2069 718 2143 trm3
740 2063 782 2128 de
797 2063 963 2142 Remedio
975 2064 1098 2129 amoris
1112 2065 1213 2140 libros
1225 2064 1309 2148 duo;

199 2166 523 2232 'l'ransmntationnm
541 2166 645 2230 libros
659 2164 868 2248 quindecim:
892 2185 994 2249 qnos,
1010 2168 1092 2251 qnia
1113 2187 1180 2232 non
1193 2187 1310 2234 emen·

200 2267 348 2345 daverat,
362 2273 431 2332 turn
445 2267 560 2345 iratus,
573 2273 610 2332 ut
636 2267 709 2351 ipse
730 2268 788 2346 ait,
804 2267 926 2347 studio,
935 2267 1208 2352 'carminibusque
1224 2271 1308 2348 suis,

199 2387 274 2433 cum
289 2368 415 2435 Tomos
429 2370 635 2452 relegaretur,
652 2389 714 2435 sua
726 2389 825 2434 manu
838 2371 1034 2446 combussit,
1050 2389 1127 2436 cum
1142 2370 1220 2435 aliis
1232 2371 1309 2454 qni-

198 2467 341 2533 bnsdam
354 2470 538 2552 placituris.
582 2469 650 2534 Sed
660 2471 741 2554 quia
752 2472 917 2554 exscripti
930 2471 1059 2536 fuerant
1072 2476 1147 2535 ante
1155 2470 1309 2556 plurimis

198 2570 376 2652 exemplis,
398 2572 535 2634 omnino
557 2571 682 2635 aboleri
716 2591 784 2637 non
815 2578 1005 2654 potueruut.
1050 2565 1233 2657 Propterea
1254 2563 1323 2641 sic¹

196 2669 273 2754 ipse
286 2686 311 2734 1.
327 2670 381 2734 De
394 2671 498 2736 Trist.
510 2671 594 2754 eleg.
609 2673 642 2737 7.
657 2673 722 2737 ait:

284 2769 390 2838 Grata
404 2778 527 2838 tuaest
541 2773 671 2856 pietas:
696 2774 756 2839 sed
774 2775 922 2842 earmina
935 2775 1044 2859 major
1058 2777 1171 2860 imago

327 2870 413 2936 Sunt
425 2891 519 2937 mear
543 2892 620 2957 quae
635 2873 756 2938 mando
772 2875 1032 2960 qualiacumque
1045 2876 1150 2960 legas.

280 2970 434 3038 Carmina
446 2980 591 3038 mutatas
605 2975 774 3040 hominum
788 2976 933 3042 dicentia
947 2976 1082 3057 formas,

325 3073 449 3139 infelix
463 3074 590 3140 domini
602 3075 693 3159 quod
707 3077 786 3158 fuga
799 3079 890 3161 rupit
901 3098 996 3161 opus.

279 3175 370 3240 Haec
385 3195 448 3258 ego
463 3176 653 3255 discedens,
671 3179 863 3242 sicutbona
878 3179 983 3244 multu
997 3199 1157 3260 meorum,

323 3275 405 3359 Ipse
418 3299 493 3344 men
507 3279 606 3361 posui
621 3285 763 3344 moestus
777 3280 812 3342 iu
827 3280 903 3363 igne
919 3301 1029 3346 manu.

277 3375 392 3459 thue
402 3397 567 3442 cremasse
580 3399 676 3443 surim
691 3379 791 3444 fertur
806 3382 869 3446 sub
884 3383 998 3464 stipite
1011 3387 1125 3450 natum

318 3475 491 3553 Thestias,
508 3486 542 3544 et
556 3481 674 3544 melior
687 3488 794 3546 matre
809 3482 914 3548 fuisse
929 3503 1033 3563 soror,

277 3576 335 3642 Sic
349 3595 412 3660 ego
427 3597 494 3643 non
508 3581 645 3646 meritos
659 3601 793 3646 mecum
808 3585 956 3666 perituro
970 3585 1103 3650 libellos

318 3675 469 3761 Imposui
483 3680 611 3764 rapidis
623 3683 753 3746 viscera
767 3690 881 3748 nostro
895 3685 1001 3768 rogis:

272 3777 340 3843 Vel
354 3779 444 3863 quod
458 3801 547 3846 eram
564 3781 694 3862 Musas,
710 3789 748 3848 ut
763 3786 903 3850 crimina
916 3795 1044 3868 nostra,
1057 3807 1217 3874 perosusr

314 3879 381 3945 Vel
395 3881 487 3965 quod
503 3883 610 3950 adhuc
624 3904 776 3950 crescens
791 3892 825 3950 et
837 3887 918 3951 rude
933 3908 1064 3954 carmen
1078 3895 1160 3956 erat.

271 3979 362 4059 Quae
373 3984 533 4066 quonlam
546 4003 613 4049 non
630 3993 704 4052 sunt
717 3987 848 4069 penitus
864 3989 1010 4068 sublata,
1025 3991 1087 4056 sed
1101 3997 1231 4074 extent,
1408 3971 1412 4250 A

314 4081 475 4150 Pluribus
487 4087 651 4172 exemplis
666 4088 795 4174 scripta
808 4087 911 4156 fuisse
925 4111 1009 4160 reor.

1402 4271 1411 4704 l
