2856 4734
590 327 692 378 vrrs.
1147 315 1192 381 lo

92 467 234 552 Augusti
255 468 466 553 rmjestalem
488 469 684 556 deliquisset
699 471 857 551 Ovidius,
882 493 960 553 non,
997 481 1034 541 ut
1063 477 1190 562 ubique

93 571 159 653 ipse
180 571 306 648 scribit,
329 591 390 655 per
414 589 570 650 errorem,
597 579 630 636 et
654 575 839 638 inscienter.
884 574 1064 657 Praeterea,
1089 599 1191 664 quam

94 669 166 736 ficto
187 673 321 737 nomine
337 671 517 739 Corinnam
536 675 730 758 appellavit,
754 677 897 760 politum
922 697 960 742 se
983 683 1133 760 testatur,
1155 683 1192 748 in

94 771 271 838 Amoribus
284 773 345 838 lib.
360 791 384 837 1.
397 775 482 857 eleg.
495 775 674 844 edicens:

173 874 314 956 Singula
329 875 411 960 quid
426 877 590 944 referuml
612 880 659 944 nil
673 899 740 946 non
753 879 922 945 laudabile
937 881 1018 961 vidi,

218 976 264 1043 Et
276 977 401 1043 nudam
414 981 523 1063 pressi
536 997 660 1064 corpus
675 980 719 1045 ad
733 1001 841 1064 usque
852 1001 974 1046 meum.

175 1079 297 1145 Cetera
310 1082 387 1166 quis
401 1083 529 1148 nesciit
551 1082 633 1147 lassi
647 1082 870 1166 requievimus
882 1085 994 1150 ambo.

218 1181 423 1249 Proveniant
436 1183 538 1248 medii
553 1187 602 1251 sic
617 1185 698 1250 milri
714 1205 805 1270 saepe
820 1184 913 1252 dies!

95 1281 204 1362 Quare
228 1281 257 1349 si
279 1304 320 1349 ea
343 1287 398 1350 vel
420 1287 502 1363 lilia,
518 1287 573 1352 vel
595 1288 721 1371 neptis,
744 1289 797 1353 vel
821 1288 943 1352 ancilla
965 1285 1124 1364 Caesaris,
1141 1287 1194 1353 vel

94 1405 311 1470 quaecumque
334 1387 400 1451 alia
413 1387 512 1452 fuerit
533 1390 584 1453 sic
607 1389 657 1454 illi
679 1409 768 1468 cara,
788 1394 826 1454 ut
846 1397 1022 1473 propterea
1035 1387 1195 1454 Ovidium

95 1487 306 1570 relegaverit;
328 1507 395 1552 nou
421 1508 522 1567 error,
547 1490 607 1554 sed
630 1490 741 1554 scelus
764 1489 903 1569 luisset;
925 1509 991 1554 non
1010 1491 1197 1556 insciusvi·

95 1587 196 1655 disset
212 1590 347 1666 crimem
359 1589 418 1654 sed
434 1590 542 1654 sciens
556 1589 699 1656 fecisset
743 1587 853 1666 Adde,
866 1591 959 1674 quod
972 1591 1006 1660 in
1017 1611 1092 1658 aum
1107 1611 1197 1658 erro-

93 1711 158 1756 rem
168 1691 287 1758 incidit
294 1693 367 1776 jam
378 1711 503 1758 senex:
527 1691 703 1758 Corinnam
717 1711 796 1760 vero
806 1692 942 1778 juvenis
957 1693 1095 1759 amavit.
1138 1694 1197 1760 Sic

96 1795 175 1860 enim
191 1794 234 1858 de
247 1813 285 1858 se
299 1795 376 1878 ipso
387 1811 437 1860 ιν.
454 1795 623 1860 De'l'rist.
635 1797 719 1876 eleg.
730 1797 785 1860 10.

177 1895 335 1962 Carmina
350 1915 425 1961 oum
440 1899 567 1981 populo
581 1897 724 1980 prlmum
733 1894 900 1981 juvenilia
913 1896 990 1975 feci,

224 1997 338 2062 Barba
351 2004 479 2063 resecta
493 1999 574 2062 mihi
587 1999 681 2064 bisve
695 1998 844 2065 semelve
854 1999 928 2065 luit.

177 2097 338 2164 Moverat
350 2100 516 2183 ingenium
533 2107 637 2165 totam
652 2105 785 2166 cantata
798 2119 862 2184 per
875 2103 990 2167 urbem

225 2200 373 2267 Nomine
384 2221 453 2267 non
462 2220 545 2268 vero
559 2201 649 2266 dicta
662 2199 806 2267 Corinna
819 2203 912 2267 mibi.

97 2301 169 2369 Nec
184 2309 271 2388 puto
285 2303 341 2369 iric
356 2323 443 2384 eam,
457 2289 555 2387 quasi
570 2301 729 2385 gaudens,
743 2305 955 2383 nominasset,
971 2305 1000 2368 si
1014 2306 1087 2389 ejus
1101 2303 1201 2368 mise·

97 2404 154 2468 riae
167 2411 202 2470 et
216 2405 311 2470 exilii
331 2423 437 2470 canas
453 2401 582 2470 luisset.
627 2400 834 2467 Credendum
862 2411 953 2467 certe
979 2411 1040 2482 om,
1071 2401 1201 2486 aliquid

97 2509 140 2572 ab
154 2505 281 2572 ovidio
291 2525 350 2602 per
364 2523 506 2572 errorem
519 2505 643 2582 visum,
656 2503 902 2587 cognitumque,
918 2509 954 2568 nt
965 2511 1142 2590 propterea
1156 2503 1203 2568 ab

97 2609 223 2676 oliemo
237 2609 391 2692 Augusto
404 2603 576 2673 sub'Artis
590 2605 764 2670 amatoriae
780 2605 881 2688 culpa
893 2607 1019 2672 Tomos
1032 2603 1201 2688 relegams

97 2713 158 2778 sit:
182 2711 242 2778 sed
258 2711 417 2797 quidnam
440 2708 523 2775 illud
547 2709 654 2784 luent,
678 2723 754 2772 cum
775 2710 853 2773 sciri
872 2710 947 2792 ipsa
969 2709 1121 2786 noluerit,
1146 2725 1204 2770 ne·

98 2819 280 2903 quicquam
295 2813 487 2899 quaerimus,
499 2809 686 2894 presertim
700 2829 787 2886 cum,
802 2829 844 2874 ue
866 2815 1046 2892 quaeratur,
1063 2809 1113 2872 sic
1127 2808 1202 2890 ipsa

93 2920 232 3004 jubeat:

184 3020 318 3105 Ecquid
333 3023 497 3106 praeterea
512 3016 694 3101 peccarim,
710 3033 857 3099 quaerere
871 3013 953 3090 noli,

230 3121 279 3187 Ut
292 3127 406 3205 pateat
419 3120 494 3185 sola
507 3117 610 3204 culpa
619 3119 681 3183 sub
697 3121 766 3181 arte
779 3133 866 3180 mea.

101 3229 257 3296 Exulans
268 3231 381 3290 autem
395 3223 430 3287 in
444 3221 532 3288 locis
552 3217 756 3303 asperrimis,
775 3224 811 3280 et
835 3215 1094 3298 perinhumanis,
1113 3231 1206 3294 saepe

98 3337 136 3396 ut
149 3331 274 3395 saltem
294 3327 330 3389 in
344 3325 504 3388 mitiorem
520 3323 629 3385 locum
654 3319 860 3400 relegaretur,
876 3317 991 3401 petiit:
1014 3333 1205 3400 quanquam

98 3434 151 3498 vel
166 3431 301 3496 veniam
316 3426 567 3510 impetraturum
583 3439 619 3486 se
635 3421 678 3486 ab
693 3417 896 3513 Imperatore
910 3418 1078 3501 sperabat.
1112 3416 1206 3496 Qua·

98 3540 249 3619 propter,
263 3549 305 3595 eo
319 3533 459 3605 mortuo,
474 3527 510 3589 in
526 3541 576 3588 lv.
591 3525 646 3590 De
661 3523 773 3588 Ponto
788 3521 871 3603 eleg.
885 3520 918 3584 6.
934 3521 985 3585 sic
996 3519 1106 3585 dolet:

186 3635 348 3718 Coeperat
361 3628 535 3712 Angustus
549 3626 701 3709 deceptae
716 3625 888 3706 ignoscere
900 3619 1035 3705 culpam
1126 3689 1131 3700 ,

234 3736 337 3819 Spem
351 3731 512 3808 nostram,
523 3735 629 3792 terras
644 3725 853 3808 deseruitque
868 3725 979 3788 simul.

187 3835 300 3919 Quale
310 3841 419 3900 tamon
434 3833 542 3916 potui,
557 3830 598 3895 de
614 3828 741 3906 ccelltc,
757 3827 872 3905 Brute,
887 3825 1012 3891 recenti

232 3933 356 4003 Vestra
367 3936 484 4020 procul
497 3932 631 4018 positure
647 3949 779 3995 carmen
793 3929 827 3992 in
843 3945 902 3992 ora
916 3926 1006 3991 dedi.
1050 3943 1052 3950 ’

190 4037 280 4122 Quae
294 4039 406 4124 prosit
419 4037 533 4120 pietas
547 4033 673 4099 cunam
686 4029 780 4107 mihi,
793 4029 903 4112 sitque
918 4027 1081 4091 malorum

234 4141 313 4208 Jam
326 4140 457 4218 modus,
472 4141 506 4203 el
519 4153 625 4202 sacrae
642 4133 751 4198 mitior
765 4132 816 4197 ira
828 4129 965 4195 domus!
