2856 4734
421 967 881 1112 sussurssrnro
980 945 984 954 ’

263 1251 1033 1384 DELPHINO

374 1559 583 1644 nimau
622 1567 922 1668 essemus

541 1764 753 1822 nummus

442 2045 844 2098 =—--=·——·⁴⁴···⁴·'·

86 2311 219 2408 Quane
237 2332 431 2422 longissime
451 2331 608 2422 epatria,
634 2341 734 2422 atque
760 2337 795 2404 in
821 2335 957 2405 ultimos
984 2333 1199 2408 barbarorum

84 2439 236 2508 caesaris
262 2441 314 2506 ira
338 2441 569 2518 submoverat,
592 2459 668 2504 eum
686 2439 918 2505 Mansuetndo
941 2447 999 2505 tua
1026 2440 1062 2508 in
1082 2443 1200 2510 urbem

83 2541 224 2620 reducit,
241 2541 446 2606 Dsnrsrsn
463 2541 747 2622 Sauusrssrnm
769 2549 807 2608 nt
832 2561 899 2606 non
917 2543 1012 2608 aliter
1027 2562 1102 2608 cnm
1117 2544 1196 2630 ipso

82 2643 247 2708 exulasse
263 2641 376 2708 Muses
392 2642 575 2719 videantur,
601 2660 701 2726 quam
724 2649 761 2708 ut
784 2663 827 2708 ex
850 2643 997 2708 omnium
1021 2645 1117 2710 luctu
1140 2653 1199 2712 tna

82 2745 194 2830 major
207 2743 314 2827 gloria
340 2741 599 2827 splendesceret.
644 2741 681 2808 Is
696 2743 794 2822 adeo,
822 2745 956 2829 quando
981 2747 1030 2811 itu
1046 2746 1202 2838 jussiti‚

81 2859 210 2929 meque
244 2843 317 2928 ejus
350 2843 604 2908 introductionis
632 2843 872 2924 administrum,
901 2867 945 2911 ex
978 2847 1197 2912 illustrissimi

82 2953 187 3032 atque
210 2946 451 3032 sapientissimi
475 2944 584 3010 Ducis
609 2942 830 3011 Monteuserii
852 2946 1024 3024 instinctu,
1051 2947 1198 3028 voluisti,

81 3049 145 3114 tibi
160 3048 257 3112 adest
271 3046 438 3113 Venarum
461 3051 562 3130 atque
577 3047 785 3114 Deliciarum
808 3065 923 3114 comes
947 3045 1121 3127 assiduus,
1138 3050 1199 3133 qni

81 3149 250 3214 beneficio
264 3155 321 3214 tuo
334 3168 444 3233 neque
469 3148 617 3233 amplius
640 3149 860 3216 Sarmaticam
888 3151 1051 3223 feritatem
1076 3149 1197 3214 exbur-

81 3254 170 3326 reut,
183 3267 290 3334 neque
304 3250 346 3314 de
361 3250 516 3316 manibus
544 3255 579 3314 et
602 3250 768 3316 cineribus
787 3251 859 3315 suis
873 3253 916 3315 sit
930 3252 1020 3315 ultra
1033 3251 1200 3319 solicitus.

82 3351 207 3417 Gratia
221 3357 280 3416 tna
300 3349 374 3436 jam
400 3349 458 3430 diu
474 3351 692 3434 Imperatoris
713 3349 914 3416 offensiones
937 3367 1054 3417 omnes
1079 3353 1199 3420 oblite·

80 3455 187 3518 ravit.
234 3452 363 3519 Verum
386 3455 458 3539 jam
485 3452 578 3517 alind
601 3452 713 3536 majus
742 3458 805 3532 est,
833 3453 926 3537 qnod
957 3454 1200 3537 elegantissimi

81 3552 208 3619 Pn’e‘tae
235 3561 376 3620 mentem
390 3553 580 3618 distineat'
605 3553 801 3637 Majestetis
813 3547 969 3620 videlicet
994 3573 1081 3646 nove
1102 3577 1200 3641 quan·

79 3655 164 3722 dam
178 3665 238 3722 tua
260 3661 361 3739 atque
387 3653 592 3720 incredibilis
618 3657 764 3738 species,
792 3675 895 3740 quam
920 3657 1015 3721 vultu
1043 3665 1078 3722 et
1104 3653 1196 3723 omni

80 3758 242 3842 eorporis
256 3757 375 3838 lotura»,
389 3757 474 3822 mita
501 3775 577 3822 oum
603 3759 771 3823 suavitate
797 3760 1021 3845 conjunctam,
1045 3759 1198 3837 exhibes,

79 3861 133 3926 ita
158 3859 355 3926 accedentis
378 3865 520 3925 mentem
547 3864 653 3925 totam
675 3861 881 3952 perstrinxit,
906 3861 1019 3925 utrix
1041 3860 1196 3944 cogitati·

80 3981 186 4026 onnrn
211 3978 348 4026 suerum
374 3962 417 4026 sit
441 3963 517 4046 ipse
543 3960 611 4026 sibi
627 3963 805 4042 consciust
828 3961 948 4026 nedum
972 3962 1121 4044 cogitata
1138 3978 1201 4027 sua

79 4063 187 4128 libere
200 4061 349 4144 proferre
368 4063 496 4148 possit.
534 4063 647 4128 Roma
661 4063 721 4128 illa
737 4065 853 4143 veteri,
868 4063 904 4129 in
918 4083 988 4148 qna
1001 4069 1035 4127 et
1048 4062 1124 4146 ipse
1137 4061 1201 4127 flo-

81 4167 210 4240 ruerat,
224 4163 307 4230 nihil
318 4165 438 4249 majus,
453 4164 534 4230 nibil
547 4163 741 4244 amabilius,
766 4183 810 4230 ne
837 4164 939 4230 tando
954 4161 1090 4249 quidem
1104 4181 1202 4230 aece-

151 4262 239 4328 neos.
250 4267 275 4314 et
289 4263 347 4316 Vae.
359 4265 426 4317 ctu.
605 4263 682 4316 orta.
1107 4261 1134 4314 A
