2856 4734
643 327 744 378 vrrs.
1201 311 1245 378 21

225 471 333 552 Nune,
342 492 472 557 precor,
488 478 524 538 ut
537 474 672 539 vivant:
694 479 730 535 et
742 490 807 536 non
820 471 944 554 ignava
956 471 1121 553 legentem

267 574 350 640 Otia
361 575 527 640 delectent
540 574 807 655 admoneantque
820 573 899 637 mei.

223 674 303 741 Non
317 682 427 742 tamen
440 677 500 742 illa
513 678 577 759 legi
590 681 747 761 poterunt
759 677 926 758 patienter
937 675 980 740 ab
991 676 1070 754 ullo,

268 777 413 844 Nesciat
426 779 478 844 bis
489 799 653 846 summam
666 779 697 842 si
712 778 788 862 quis
801 777 919 840 abesse
934 796 1079 842 manum.

219 879 380 946 Ablatam
394 881 513 945 mediis
529 901 617 965 opus
631 887 683 944 est
696 879 875 946 incudibus
889 879 991 944 illud:

267 982 384 1048 Defuit
397 986 432 1046 et
446 984 581 1068 seriptis
595 984 715 1047 ultima
727 983 809 1046 lima
822 983 917 1045 meis.

222 1083 267 1148 Et
278 1085 411 1148 veniam
423 1103 484 1166 pro
496 1083 597 1149 laude
612 1091 712 1167 peto:
734 1083 892 1148 laudatus
907 1083 1049 1162 abunde,

265 1183 347 1249 Non
358 1185 530 1250 fastiditus
544 1183 575 1249 si
587 1187 660 1264 tibi,
672 1185 787 1262 lector,
802 1203 872 1248 ero.

219 1285 299 1351 Hos
309 1305 442 1372 quoque
457 1306 517 1350 sex
534 1306 648 1351 versus
663 1288 697 1351 iu
710 1286 818 1371 prima
831 1285 937 1350 fronte
947 1284 1066 1364 libelli,

263 1386 302 1450 Si
312 1385 558 1470 praeponendos
572 1405 647 1451 esse
660 1387 807 1470 putabis,
821 1386 931 1451 habe:

219 1486 329 1552 Onna
343 1494 479 1572 parente
494 1508 556 1553 suo
569 1487 772 1572 quicumque
786 1489 954 1574 uolumina
967 1485 1087 1570 nume,

262 1589 332 1655 llis
346 1591 465 1656 saltem
481 1595 596 1656 vestra
609 1590 704 1655 detur
717 1591 752 1655 in
767 1591 849 1656 urbe
863 1591 971 1655 locus.

218 1689 361 1776 Quoque
373 1692 481 1776 magis
495 1692 623 1771 faveas,
637 1711 702 1757 non
714 1699 793 1758 sunt
805 1693 880 1758 hac
893 1691 988 1760 edita
1001 1689 1045 1753 ab
1058 1687 1148 1772 ipse,

260 1792 328 1857 Sed
342 1795 442 1878 qnasi
456 1795 500 1860 de
515 1794 640 1859 domini
654 1794 768 1861 sunere
790 1800 889 1878 rapta
902 1794 966 1858 sni.

216 1893 390 1978 Quicquid
402 1895 505 1960 iubis
519 1895 621 1977 igitur
634 1896 709 1960 vitii
723 1895 806 1960 rude
821 1913 952 1960 carmen
965 1893 1116 1970 babebit,

259 1994 512 2075 Emendaiurus,
525 1996 556 2059 si
570 1995 728 2074 licuisset,
740 2001 821 2060 erat.

126 2099 215 2164 ltem
228 2097 265 2162 in
280 2113 336 2162 111.
352 2097 436 2179 eleg.
446 2096 501 2162 14.

214 2197 300 2263 Sunt
315 2216 448 2282 qnoque
461 2204 599 2264 mutata
614 2203 664 2262 ter
679 2199 826 2282 quinque
843 2197 1013 2264 volumina
1025 2197 1154 2274 terme,

257 2299 416 2365 Carmina
429 2299 471 2363 de
485 2299 612 2364 domini
624 2299 737 2364 funere
750 2305 847 2383 rapta
861 2301 922 2363 sui.

214 2400 303 2468 Illud
317 2419 405 2484 opus
420 2401 541 2485 potnit,
556 2401 587 2465 si
600 2420 666 2465 non
678 2403 771 2484 prius
785 2402 859 2485 ipse
873 2399 1047 2484 perissem

257 2501 392 2568 Certiae
407 2520 570 2567 asumma
583 2520 705 2566 nomen
717 2497 837 2566 bab‘ere
851 2519 966 2566 mann.

210 2605 311 2672 Nune
325 2603 545 2669 incorrectum
559 2603 677 2688 populi
692 2603 842 2686 pervenit
855 2602 890 2665 in
901 2620 971 2678 ora,

253 2708 294 2773 In
305 2706 423 2790 populi
435 2707 616 2792 quicquam
630 2708 660 2772 si
674 2713 787 2772 minen
800 2725 856 2771 ore
868 2725 980 2770 meum
996 2708 1059 2771 est.

121 2810 269 2896 Scripsit
291 2816 325 2874 et
346 2807 504 2874 Medeam
518 2809 725 2890 tragoediam,
742 2807 783 2872 dc
795 2828 863 2892 qua
876 2795 1021 2882 maxime
1034 2812 1068 2872 et
1086 2807 1228 2886 aQuin·

120 2915 240 2980 tuliano
254 2917 288 2977 et
308 2930 331 2976 a
352 2910 510 2976 Cornelio
533 2910 653 2976 Tacito
678 2909 837 2975 laudatus
859 2915 921 2974 est.
965 2906 1025 2974 Ait
1050 2909 1134 2973 enim
1161 2907 1228 2975 Fa·

118 3017 220 3081 bins:
244 3013 359 3080 ovidii
374 3011 499 3077 Medea
513 3013 668 3090 ostendit,
682 3018 843 3097 quantum
857 3013 909 3076 vir
920 3010 978 3076 ille
992 3017 1151 3094 praestare
1165 3032 1226 3096 po-

120 3116 231 3194 tuerit,
252 3115 282 3180 si
304 3113 436 3196 ingenio
451 3133 516 3178 nuo
530 3119 725 3200 temperare,
740 3133 841 3198 quam
861 3113 1029 3194 indulgere
1043 3113 1229 3178 maluisset.

119 3215 259 3282 Summo
280 3216 378 3279 etiam
405 3234 481 3280 eum
499 3215 605 3280 titisse
628 3215 761 3300 judicio
797 3213 939 3280 ostendit
967 3213 1098 3279 Seneca
1118 3216 1152 3279 in
1182 3232 1224 3280 ιι.

120 3315 415 3383 Declamationum
429 3317 480 3380 sic
491 3317 663 3402 inquiens:
688 3317 839 3402 Rogatus
851 3316 1033 3402 aliquando
1046 3317 1089 3382 ab
1105 3317 1223 3383 amicis

117 3420 204 3496 suis,
217 3423 258 3480 ut
273 3416 403 3482 tolleret
416 3422 481 3482 tres
496 3437 623 3496 versus,
646 3421 766 3502 petivit
780 3419 934 3499 invicem,
947 3425 985 3484 ut
1007 3424 1072 3484 tres
1084 3421 1224 3504 excipe·

116 3527 180 3597 ret,
191 3520 226 3582 in
242 3536 327 3600 quos
341 3516 410 3582 illis
423 3517 503 3584 nibil
520 3519 643 3584 liceret.
688 3519 963 3605 Conscripserunt
977 3521 1038 3599 illi,
1052 3541 1136 3606 quos
1151 3523 1223 3587 tolli

115 3619 253 3697 vellent,
286 3623 414 3684 secreto
438 3619 494 3684 bic
516 3636 602 3703 quos
624 3627 714 3688 tutos
749 3641 824 3688 esse
851 3623 961 3690 vellet.
1015 3623 1055 3688 ln
1075 3622 1223 3706 utrisque

116 3719 287 3788 codicillis
316 3718 420 3784 iidem
446 3739 565 3787 versus
588 3727 688 3788 erant
732 3723 788 3789 Ex
810 3725 932 3806 quibus
950 3725 1093 3808 primum
1116 3723 1222 3789 luisse

115 3821 277 3888 narrabat
297 3818 532 3887 Albinovanus
545 3821 652 3902 Pedo,
668 3826 725 3907 qui
737 3826 819 3890 inter
832 3827 973 3891 arbitros
986 3825 1071 3891 snit:
1195 3817 1199 3830 ⁶
1321 3829 1323 3833 ’

202 3922 481 4008 Semibovemque
495 3925 612 4003 virum
629 3925 884 4010 semivirumque
897 3928 1027 3995 bovem.

115 4025 329 4094 Secundum:
