2826 4728
190 255 252 322 «40
509 269 746 324 nnsrruouru
771 271 995 328 neruorum

207 411 339 498 Ecquid
348 410 525 496 frigidulos
540 412 598 496 qui
612 412 700 479 lecto
714 415 904 498 imponeret
917 422 1019 495 edus,

250 513 320 581 Aut
333 515 390 600 qui
405 513 599 598 dulciloquo
614 514 742 580 falleret
756 535 813 580 ore
825 516 938 582 diemi

205 615 279 684 Aut
292 618 350 702 qui
364 623 508 682 tentaret
522 616 674 683 salientis
689 622 839 700 tempora
853 637 959 697 venue,

249 718 323 785 Ant
335 719 481 784 fomente
496 738 597 784 manu
612 720 672 803 qui
687 727 866 804 properate
879 719 996 784 doreti

204 819 372 888 Conderet
385 829 446 885 eut
457 821 574 886 oculos
589 821 700 885 medie
709 823 780 906 jum
795 826 899 886 morte
912 823 1076 897 nutantes

248 921 320 990 Aut
332 923 459 1004 legeret
472 941 634 988 summum
649 924 706 1008 qui
722 923 800 1007 pius
815 942 870 988 ore
883 922 1054 987 enimuml
1168 1001 1172 1006 Ι

205 1023 330 1090 Nullus
343 1031 434 1090 erut:
455 1024 578 1091 nullus.
621 1023 777 1104 Veteres,
793 1032 829 1091 tn
845 1023 941 1103 dure,
954 1022 1092 1088 sodales

247 1124 329 1192 Heu
343 1125 465 1211 procul
480 1146 502 1192 u
516 1126 643 1206 Ponto,
659 1125 786 1192 Martie
800 1125 925 1204 Romu,
936 1127 1045 1192 tenes!

204 1225 330 1292 Nullus
343 1232 433 1294 eret:
452 1229 569 1312 procul
583 1229 627 1293 oh
645 1227 783 1313 conjux,
799 1229 961 1311 parvique
975 1233 1132 1312 nepotes:

246 1325 279 1392 N
284 1347 325 1393 ec
335 1327 445 1394 lueret
453 1328 632 1413 prologum
643 1335 722 1396 nete
737 1334 856 1396 secute
870 1334 1009 1412 petrem.

203 1428 342 1496 Scilicet
354 1432 518 1498 immanes
532 1432 644 1511 Bessi,
657 1431 809 1516 flevique
821 1429 960 1510 Corelli,

243 1529 317 1598 Ant
330 1553 394 1600 vos
408 1535 515 1618 pelliti
529 1553 637 1600 sexes
648 1534 750 1600 cordo
767 1529 880 1611 Getes,

202 1632 343 1699 Scilicet
354 1634 506 1700 horribili
521 1634 649 1700 dederit
665 1635 831 1701 solamine
846 1634 940 1700 vultu

244 1734 410 1814 Sarmata,
424 1736 468 1802 ab
481 1741 581 1820 epoto
596 1755 691 1820 saepe
706 1736 876 1802 vehendus
887 1737 1003 1821 eqnoi

201 1835 367 1917 Sermuto,
380 1837 438 1904 cni
451 1837 592 1920 rigidum
604 1838 752 1906 demisso
767 1839 801 1903 in
814 1839 939 1904 lumine
952 1837 1096 1914 frontem

244 1936 341 2004 Motu
354 1939 515 2023 pruinoso
524 1943 677 2024 tempora
690 1940 780 2006 crine
796 1945 927 2006 sonent.

202 2037 271 2104 Sed
286 2044 399 2120 temen
413 2046 447 2107 et
461 2041 562 2108 Bessi
577 2043 776 2120 extinctum,
791 2049 828 2108 et
841 2042 960 2108 flevere
974 2040 1114 2121 Corelli,

244 2139 483 2226 Surmutuque:
503 2146 539 2208 et
552 2141 656 2208 durus
668 2143 822 2210 contudit
836 2162 897 2210 ore
908 2141 1023 2210 Getes.

198 2237 397 2310 Extinctum
410 2249 444 2310 et
456 2249 586 2312 montes
601 2243 739 2325 debunt,
756 2251 791 2312 et
804 2245 915 2331 sylva,
929 2245 1086 2330 fereque,

243 2342 290 2408 Et
302 2345 401 2412 flesse
415 2346 451 2412 in
464 2345 584 2412 modiis
597 2344 720 2413 dicitnr
733 2345 821 2412 Ister
835 2346 947 2430 cquis.

200 2440 291 2523 Quin
304 2447 406 2513 etium
419 2449 516 2532 pigro
530 2454 719 2514 concreum
732 2448 855 2531 frigore
869 2446 1026 2524 Pontum,

243 2543 424 2612 Nereidum
438 2548 594 2632 lacrymis
606 2548 790 2631 intepuisse
804 2548 924 2614 terunt.

197 2644 382 2713 Accurrere
394 2648 487 2716 leves
502 2648 634 2735 Puphiu
647 2670 723 2716 cnm
736 2654 841 2715 matre
855 2648 1019 2730 volucres,

186 2779 189 2785 ·
240 2745 433 2834 Arsuroque
447 2750 540 2816 seces
553 2770 765 2837 supposuere
776 2771 869 2835 rogo.

198 2848 308 2931 Quem
321 2848 420 2916 simrd
435 2851 599 2918 ubsmnsit
612 2851 740 2937 repidee
752 2853 915 2920 uiolentia
925 2852 1081 2932 flammae,

240 2947 418 3038 Reliquias
432 2959 519 3019 tecto
532 2973 753 3040 composuere
768 2953 867 3021 cedo.

198 3051 474 3141 Impositumque
485 3056 583 3123 brevi
598 3057 766 3142 signarunt
779 3057 925 3123 carmine
939 3077 1079 3124 sexunn:

242 3160 253 3191 ‘
268 3155 340 3236 Qui
348 3157 442 3242 jecet
454 3159 521 3238 hic,
532 3159 637 3224 teneri
649 3157 767 3224 doctor
780 3160 903 3224 umoris
914 3157 1007 3226 eret!

199 3257 284 3343 lpse
295 3261 406 3325 locum
417 3262 488 3326 lete
500 3266 620 3327 sancto
634 3259 798 3345 Cytherea
811 3261 941 3342 liquore

241 3359 365 3426 Irrorut
376 3361 477 3429 nivea
490 3367 604 3446 terque
617 3368 798 3448 quaterque
810 3381 920 3429 manu.

198 3460 273 3527 Vos
285 3482 421 3548 quoque
433 3462 585 3534 Pierides
598 3464 668 3530 veti
677 3463 815 3532 libestis
829 3465 963 3532 ademto

241 3561 410 3644 Carmine,
425 3565 487 3630 sed
495 3572 614 3634 nostro
627 3586 696 3633 non
709 3567 883 3636 referende
896 3586 990 3634 sono.
