2856 4734
572 319 764 370 mrsu-oss.
1196 305 1220 371 3

110 461 234 528 saltem
248 460 466 530 reverentiam
481 481 588 542 suum,
614 482 789 548 meumque
805 481 883 530 cum
904 464 1077 550 utriusque
1093 463 1222 530 officio-

110 565 260 630 sissimis
297 564 471 648 obsequiis
504 563 674 629 declarare
705 565 925 648 aggrediatur.
982 567 1149 632 Nimirum
1178 564 1221 630 ud

111 665 347 732 oblectandum
362 667 461 750 puori
480 667 617 749 insignis
640 665 842 751 Burgundiae
858 669 968 734 Ducis
982 669 1125 754 primum
1139 674 1223 734 ete-

109 775 180 834 tom
209 767 310 834 fuerit
334 768 551 854 aptissimum
575 769 641 846 oui,
673 775 789 853 utpote
819 769 924 854 Regis
950 769 1024 855 spei
1055 769 1222 852 secundm,

108 877 250 954 tuaequo
264 868 439 956 voluptati,
464 874 594 960 gratum
620 889 698 934 esse
722 871 837 954 ulique
862 891 906 936 ox
933 875 1028 956 porto
1055 872 1086 936 si
1107 870 1223 950 licoat,

107 975 183 1036 tum
206 966 352 1054 denique
373 987 484 1055 noque
504 969 604 1036 ieme
637 989 743 1054 nequo
764 961 906 1040 fortunas
935 973 1090 1059 emplius
1106 962 1223 1058 porni-

107 1077 190 1138 teoi.
234 1069 284 1137 At
307 1073 395 1137 euim
409 1077 547 1138 cunutus
571 1092 625 1138 mo
650 1079 874 1142 mensversum
889 1077 970 1160 egit,
995 1076 1053 1162 qui
1067 1075 1126 1140 ubi
1143 1074 1222 1155 sim,

108 1183 146 1240 et
160 1194 263 1261 quem
278 1175 487 1260 compellem,
518 1195 591 1258 sum
616 1196 701 1262 poue
725 1177 860 1260 oblitus,
889 1196 960 1264 prm
988 1177 1112 1244 studio.
1156 1175 1223 1242 Ut-

109 1296 259 1363 cumque
286 1278 458 1360 ignoscas,
483 1297 563 1343 uem
584 1279 785 1346 mitissimos
809 1300 858 1360 os,
882 1288 1036 1366 tempore
1063 1300 1127 1346 sue
1155 1279 1222 1347 sibi

107 1379 254 1463 praeripi
275 1397 341 1444 uon
361 1379 454 1446 sumu
467 1380 566 1446 modo
589 1388 625 1448 et
638 1389 765 1465 gentes,
781 1384 840 1449 sed
862 1390 896 1449 et
919 1383 1060 1468 publice
1074 1381 1222 1448 omnium

107 1481 234 1546 laetitie
255 1481 412 1565 queritur.
457 1479 740 1568 Quandoquidem
757 1484 878 1549 melius
891 1503 961 1549 vox
984 1483 1130 1547 omnium
1144 1501 1220 1567 qum

108 1589 247 1666 pectore
259 1581 370 1648 habeo
383 1583 632 1670 comprehense,
645 1585 816 1672 expediet,
838 1586 991 1671 pluribus
1005 1582 1221 1668 supersedeo,

109 1703 177 1750 non
192 1686 267 1749 siue
280 1685 370 1749 votis
384 1691 504 1764 temen,
523 1692 560 1752 ut
581 1687 676 1753 Deus
700 1695 748 1754 ter
763 1687 843 1775 Opt.
866 1687 1044 1753 Maximus
1065 1689 1098 1751 te
1126 1685 1220 1752 ineo·

108 1785 239 1852 lumem
260 1791 402 1870 praestet
426 1788 537 1852 animo
562 1789 685 1872 pariter
707 1794 742 1856 et
765 1809 915 1875 corpore,
937 1794 1037 1874 teque
1057 1787 1219 1854 bonorum

109 1890 263 1955 omnium
277 1895 509 1974 serveturque
527 1893 686 1956 tutamen.

177 2053 273 2106 Dein
283 2051 400 2104 laum
414 2051 475 2106 VH.
492 2055 553 2106 Καὶ,
564 2053 649 2106 Oriod.
661 2057 725 2108 loeo
