2856 4734
362 896 497 975 ALIA
529 894 771 975 NASONIS
802 898 950 988 VITA,

452 1196 507 1263 Er
524 1196 636 1266 Codice
652 1199 855 1269 Fumesianc.

143 1445 498 1515 P.0vrn1urNsso
525 1449 677 1533 Pelignis
692 1458 795 1515 natus
816 1470 856 1515 ao
880 1469 969 1515 anno
993 1471 1060 1536 quo
1076 1452 1208 1520 Hirtius

98 1557 134 1615 at
158 1549 276 1615 Pansa
304 1549 403 1616 Coss.
430 1553 466 1616 in
494 1550 679 1616 Mutinensi
702 1552 791 1616 bullo
816 1554 984 1635 perierunt
1007 1553 1117 1633 simul,
1136 1573 1206 1638 quc

99 1653 209 1737 coepit
232 1651 468 1718 triumviratus.
514 1652 663 1718 Fratrem
684 1653 801 1718 habuit
824 1654 955 1720 nomine
970 1654 1115 1719 Lucium
1127 1661 1208 1720 natu

98 1752 273 1837 majorem,
288 1753 479 1820 defunctum
494 1757 660 1820 tamenin
682 1755 827 1821 minimis
850 1757 958 1821 annis.
1001 1757 1123 1822 Rumae
1145 1757 1208 1821 sub

97 1853 214 1921 Plotio
229 1854 361 1939 Grippo
372 1856 478 1921 lituris
501 1875 639 1940 operam
660 1855 764 1923 dudit:
787 1875 809 1920 a
823 1855 979 1922 Cornelio
994 1856 1096 1922 Gallo
1111 1857 1209 1922 ditis·

98 1957 185 2022 simo
207 1963 245 2021 at
265 1955 461 2022 doctissimo
483 1956 570 2037 cive,
606 1964 641 2023 et
673 1977 695 2022 a
717 1956 766 2022 M.
787 1956 940 2023 Varrone
969 1959 1076 2023 multa
1104 1957 1208 2042 capit.

98 2058 399 2124 Familiarissimus
426 2058 490 2122 init
516 2056 602 2122 Julii
626 2058 754 2141 Hygini
776 2056 1008 2126 Grammatici.
1054 2061 1209 2126 Paternis

97 2160 243 2228 stimulis
254 2159 326 2224 iuro
337 2157 545 2244 aliquamdiu
557 2158 725 2224 incubuit:
739 2157 827 2223 unde
840 2161 1032 2246 pierumque
1041 2160 1209 2245 judicium

99 2262 226 2328 dixerit
237 2262 324 2327 inter
339 2267 471 2326 centnm
486 2261 588 2325 virus.
632 2260 718 2326 Post
739 2262 888 2344 parantis
910 2270 1049 2328 murtam
1067 2262 1110 2327 ad
1127 2262 1209 2346 pui-

97 2367 188 2431 tican
200 2365 330 2445 integat
344 2363 455 2450 rediit,
470 2361 673 2446 scripsitque
686 2361 793 2426 libros
807 2359 891 2427 duos
907 2361 1094 2427 Heroidum
1108 2362 1210 2446 Epis·

98 2467 259 2534 tolarum:
281 2464 358 2530 inda
368 2485 447 2530 cnm
461 2463 511 2527 Μ.
524 2463 677 2529 Varrone
691 2459 809 2528 Asiam
824 2461 942 2545 petiit3
964 2464 1028 2527 sub
1043 2482 1110 2548 qno
1123 2463 1209 2529 mili·

97 2569 203 2636 tavit:
225 2586 334 2653 nuqua
349 2551 442 2651 prius
455 2567 520 2632 huc
536 2585 572 2631 sc
587 2565 738 2642 contulit,
763 2583 864 2649 quam
886 2563 1110 2647 peritissimus
1136 2563 1209 2633 lita-

97 2691 210 2740 rarum
230 2668 429 2735 Groecarum
452 2667 544 2733 soret.
590 2665 735 2751 Scripsit
759 2665 837 2731 inda
858 2667 1019 2750 epistulas
1042 2665 1210 2750 quasdam

98 2774 144 2840 ad
157 2770 288 2840 'liberii
303 2769 406 2834 filiam
418 2769 481 2834 sub
492 2767 581 2835 salso
595 2769 727 2833 nomina
749 2787 790 2835 ac
805 2766 885 2832 ficto
900 2764 1050 2832 Corinnae
1066 2768 1209 2851 inscrip-

98 2885 165 2952 tus,
173 2891 254 2958 qum
268 2875 403 2955 propter
416 2870 543 2937 crimen
556 2871 650 2937 lucsae
664 2869 853 2955 majestatis
868 2866 1055 2936 combustas
1065 2867 1208 2935 inurunt.

100 2975 186 3046 Inda
198 2979 234 3040 ct
243 2971 384 3040 exilium
397 2972 526 3039 mamit.
