2856 4734
415 287 446 338 s.
470 241 592 336 evuin
617 284 779 348 ussoms
805 285 905 342 vm.
1173 278 1217 346 ld

193 428 234 496 si
247 424 329 514 quid
340 429 376 494 id
391 433 453 506 est,
464 447 574 524 usque
587 432 755 514 uprouvis
767 429 864 496 vetus
878 431 1004 498 ordinis
1019 431 1137 514 heres,

239 529 275 596 N
276 550 321 596 on
334 531 437 596 modo
451 529 593 598 iortuuae
607 553 743 600 munere
757 534 868 600 faetus
883 553 999 619 eques»

110 633 154 699 Et
167 633 350 700 Fastorum
365 651 416 700 vl.

193 736 319 805 Sancte
329 743 427 825 puter
439 731 646 824 putriaestlbl
661 737 771 823 plebs,
788 739 848 806 tibi
864 739 958 806 ouria
970 754 1091 808 nomeu

239 837 321 904 Hoo
336 839 449 905 dedit:
470 841 537 906 hoo
553 839 703 906 dedimus
716 858 778 905 nos
791 841 853 906 tibi
865 859 987 908 nomeu
1001 857 1116 928 eques.

106 939 203 1006 Idem
217 940 267 1006 sil
279 945 313 1004 el
324 940 361 1004 in
377 939 488 1006 l’outo
511 959 563 1006 ιν.
578 941 663 1024 eleg.
677 939 711 1005 8.

193 1043 263 1108 Seu
277 1061 378 1126 genus
393 1042 559 1122 excuties,
574 1044 705 1128 equites
719 1043 762 1109 ub
777 1045 904 1128 origine
918 1045 1027 1130 prime

237 1142 355 1229 Usque
368 1163 431 1228 per
443 1141 636 1209 innumeros
648 1145 855 1210 inveniemur
868 1165 965 1213 avos.

101 1245 353 1314 'Patrimonium
372 1247 457 1310 satis
471 1245 618 1329 amplum
639 1245 801 1312 habuisse
816 1253 963 1329 constan
986 1245 1077 1334 quod
1093 1249 1137 1313 ab
1153 1269 1210 1314 eo·

103 1347 184 1415 dem
198 1349 233 1414 iu
247 1347 358 1414 Ponto
373 1345 422 1412 sie
438 1347 644 1414 ostenditur:

191 1448 274 1516 Nou
287 1465 383 1514 meus
397 1449 541 1514 umissos
556 1450 689 1514 suimus
703 1447 872 1516 desiderat
885 1465 996 1534 egros,

233 1549 395 1634 Eumque,
412 1548 552 1634 Peliguo
567 1550 807 1633 conspiciendo
822 1551 915 1618 solo‘:

189 1651 269 1718 Noe
285 1669 372 1734 quos
387 1647 555 1734 pomiferis
570 1651 701 1733 positus
714 1651 748 1715 iu
762 1653 905 1720 collibus
919 1655 1030 1722 hortos

232 1753 373 1838 Spectat
387 1738 562 1818 Pleminius
578 1751 722 1817 Gluudiu
730 1755 850 1838 junctu
863 1757 938 1820 vim.

68 1921 72 1927 .
99 1855 191 1922 Item
214 1853 349 1921 domum
371 1873 441 1920 non
466 1853 566 1937 louge
581 1873 603 1920 u
617 1851 809 1937 Capitolio:
831 1856 880 1920 uit
904 1856 994 1922 enim
1013 1854 1202 1926 iu'l'risl.1.

99 1959 185 2042 eleg.
203 1957 252 2028 3.,

189 2059 292 2127 Hauc
305 2081 368 2145 ego
383 2061 581 2146 suspiciens,
596 2066 630 2125 et
645 2060 688 2127 sd
704 2061 779 2128 hoec
795 2059 963 2148 Capitolia
977 2077 1126 2142 oemens,

232 2161 322 2243 Ques
335 2170 448 2229 nostro
462 2163 587 2228 frustm
594 2162 711 2246 junctu
723 2162 815 2228 luere
827 2163 901 2230 leri·

100 2263 256 2330 Fratrem
276 2271 438 2349 praetemu
455 2264 573 2329 hebuit
588 2268 671 2330 netu
695 2263 857 2348 maJorem
878 2264 1056 2330 duodecim
1080 2266 1203 2331 mensi*

96 2367 179 2446 bus,
194 2371 226 2431 et
239 2367 332 2451 quod
346 2368 466 2432 mirum
479 2370 541 2444 est,
554 2364 682 2442 eodem,
708 2355 776 2449 quo
788 2365 876 2448 ipse,
890 2371 1004 2430 natum
1019 2365 1092 2432 die:
1114 2373 1204 2432 uter·

94 2487 165 2554 que
179 2471 269 2538 euim
283 2468 533 2554 quartodecimo
558 2465 700 2532 Kalend.
715 2465 845 2550 Aprilis
862 2465 1023 2532 Minervoe
1039 2467 1204 2552 quinqua·

96 2568 175 2636 uiis
190 2577 291 2637 natus
305 2577 380 2653 est3
402 2570 495 2655 quod
509 2569 558 2634 sio'
573 2570 699 2655 ipsein
714 2568 815 2635 Trist
832 2586 882 2635 ivs
896 2569 976 2654 eleg.
992 2570 1046 2636 10.

186 2671 264 2740 Nee
278 2674 380 2759 stirps
394 2672 578 2758 primatui,
593 2673 705 2755 genito
719 2693 793 2738 sum
805 2671 908 2738 fratre
922 2680 1067 2753 orestus,

229 2774 302 2856 Qui
315 2776 422 2840 tribus
436 2780 511 2840 unt'e
525 2780 642 2858 quater
655 2774 829 2840 mensibus
845 2777 937 2838 ortus
952 2783 1033 2840 erut·

183 2871 323 2944 Iauoil'er¹
336 2877 500 2943 ainbobus
515 2875 686 2941 natalibus
700 2875 796 2942 offuit
809 2876 918 2942 idemt

219 2979 299 3045 Una
313 2980 480 3045 celebrata
493 2985 546 3044 est
559 2997 620 3063 per
634 2978 701 3043 duo
715 2979 785 3043 libs
797 2978 881 3044 ᾱίεει

185 3079 277 3148 Haec
291 3089 345 3148 est
359 3081 521 3148 armiferae
536 3081 686 3146 delestis
701 3081 848 3165 quinque
863 3079 1038 3157 Minervae,

230 3181 317 3262 Quo
332 3183 403 3262 lieri
418 3195 531 3268 pugna
544 3182 653 3265 primu
662 3185 804 3248 'cruente
817 3181 914 3246 solet.
1066 3251 1069 3256 ,

97 3278 132 3350 N
134 3290 212 3352 utus
225 3293 279 3353 est
291 3293 400 3352 sutem
416 3285 531 3351 Hirtio
541 3281 576 3350 ei
589 3285 705 3350 Pausa
719 3283 820 3349 Coss.
834 3283 891 3367 qui
907 3281 997 3348 bello
1005 3279 1199 3350 Antoniano
1237 3328 1240 3334 ·

96 3388 189 3472 opud
205 3387 372 3454 Mutinam
386 3387 526 3472 peremti
541 3391 629 3464 suut,
643 3393 682 3450 ut
694 3385 772 3470 ipse
786 3385 821 3449 iu
834 3385 938 3450 Trisl.
954 3385 1098 3469 1v.oleg.
1113 3385 1167 3452 10.

185 3489 307 3555 Editus
319 3489 394 3554 hine
409 3495 472 3571 ego
488 3505 574 3567 sum,
586 3505 647 3552 uec
661 3505 738 3564 nou,
753 3493 790 3552 ut
803 3493 953 3572 tempore
965 3486 1069 3566 noris,

230 3589 315 3656 Cum
329 3588 452 3654 cecidit
463 3589 536 3654 lato
549 3587 669 3654 consul
682 3593 817 3671 uterque
831 3589 913 3672 pari.

97 3693 185 3760 Cum
199 3697 309 3758 eutem
320 3689 441 3756 Reme
455 3707 526 3754 unu
540 3687 730 3754 cumfratre
743 3689 806 3754 sub
822 3688 1018 3757 clarissimis
1032 3697 1067 3758 et
1078 3690 1200 3758 Gramae

96 3794 231 3862 matiois
255 3798 288 3858 et
311 3790 517 3858 Rhetoribus
540 3789 721 3874 plurimum
745 3789 960 3874 proiecisset3
982 3792 1124 3882 legibus)
1140 3812 1199 3857 eo·

95 3905 195 3981 geute
217 3903 325 3982 putre,
348 3895 408 3980 qui
421 3893 635 3960 humuuitstis
650 3892 765 3958 studia
778 3891 911 3958 inutilia
924 3891 1000 3958 e'sse
1019 3891 1198 3958 contende·

95 3998 165 4076 bat,
194 3999 301 4086 ooepil
324 3996 530 4074 incumbere,
559 4001 596 4058 et
619 3993 762 4078 profecit
785 3992 929 4076 legibus,
957 4000 997 4058 et
1016 3993 1198 4058 homnibus

91 4087 231 4168 functus
244 4107 305 4168 est
349 4098 419 4164 Sed
434 4115 512 4164 oum
530 4096 641 4162 torum
656 4093 857 4181 displiceret,
878 4093 970 4179 quod
983 4099 1075 4161 esset
1083 4091 1198 4179 majus
