<?xml version="1.0" encoding="UTF-8"?>
<!DOCTYPE html PUBLIC "-//W3C//DTD XHTML 1.0 Transitional//EN"
    "http://www.w3.org/TR/xhtml1/DTD/xhtml1-transitional.dtd">
<html xmlns="http://www.w3.org/1999/xhtml" xml:lang="en" lang="en">
 <head>
  <title>
</title>
<meta http-equiv="Content-Type" content="text/html;charset=utf-8" />
  <meta name='ocr-system' content='tesseract 3.04.00' />
  <meta name='ocr-capabilities' content='ocr_page ocr_carea ocr_par ocr_line ocrx_word'/>
</head>
<body>
  <div class='ocr_page' id='page_1' title='image "./povidiinasoniso06burmgoog_0038.png"; bbox 0 0 2856 4734; ppageno 0'>
   <div class='ocr_carea' id='block_1_1' title="bbox 224 286 953 364">
    <p class='ocr_par' dir='ltr' id='par_1_1' title="bbox 224 286 953 364">
     <span class='ocr_line' id='line_1_1' title="bbox 224 286 953 364; baseline -0.01 -1"><span class='ocrx_word' id='word_1_1' title='bbox 224 286 275 364; x_wconf 71' lang='lat' dir='ltr'><strong>tt</strong></span> <span class='ocrx_word' id='word_1_2' title='bbox 421 289 426 301; x_wconf 90' lang='lat'><em>&#39;</em></span> <span class='ocrx_word' id='word_1_3' title='bbox 591 309 621 356; x_wconf 79' lang='lat' dir='ltr'><strong>e.</strong></span> <span class='ocrx_word' id='word_1_4' title='bbox 645 299 765 357; x_wconf 82' lang='lat' dir='ltr'><strong>ovrnrt</strong></span> <span class='ocrx_word' id='word_1_5' title='bbox 791 297 953 358; x_wconf 78' lang='lat' dir='ltr'><strong>ulsouis</strong></span> 
     </span>
    </p>
   </div>
   <div class='ocr_carea' id='block_1_2' title="bbox 145 449 1378 4201">
    <p class='ocr_par' dir='ltr' id='par_1_2' title="bbox 145 449 1378 4201">
     <span class='ocr_line' id='line_1_2' title="bbox 309 449 1170 536; baseline 0.001 -19"><span class='ocrx_word' id='word_1_6' title='bbox 309 449 393 518; x_wconf 78' lang='lat' dir='ltr'><strong>vita</strong></span> <span class='ocrx_word' id='word_1_7' title='bbox 405 449 496 536; x_wconf 82' lang='lat' dir='ltr'><strong>prior</strong></span> <span class='ocrx_word' id='word_1_8' title='bbox 507 451 591 517; x_wconf 84' lang='lat' dir='ltr'><strong>vitiu</strong></span> <span class='ocrx_word' id='word_1_9' title='bbox 604 454 705 528; x_wconf 82' lang='lat' dir='ltr'><strong>caret,</strong></span> <span class='ocrx_word' id='word_1_10' title='bbox 724 459 761 516; x_wconf 90' lang='lat' dir='ltr'><strong>et</strong></span> <span class='ocrx_word' id='word_1_11' title='bbox 771 452 843 516; x_wconf 85' lang='lat' dir='ltr'><strong>sine</strong></span> <span class='ocrx_word' id='word_1_12' title='bbox 856 449 932 516; x_wconf 85' lang='lat' dir='ltr'><strong>labe&#39;</strong></span> <span class='ocrx_word' id='word_1_13' title='bbox 948 449 1086 535; x_wconf 77' lang='lat' dir='ltr'><strong>perucia</strong></span> <span class='ocrx_word' id='word_1_14' title='bbox 1098 455 1170 518; x_wconf 76' lang='lat' dir='ltr'><strong>est!</strong></span> 
     </span>
     <span class='ocr_line' id='line_1_3' title="bbox 351 541 944 618; baseline -0.002 -1"><span class='ocrx_word' id='word_1_15' title='bbox 351 552 482 618; x_wconf 83' lang='lat' dir='ltr'><strong>Auxilii</strong></span> <span class='ocrx_word' id='word_1_16' title='bbox 495 553 616 617; x_wconf 83' lang='lat' dir='ltr'><strong>misero</strong></span> <span class='ocrx_word' id='word_1_17' title='bbox 630 552 678 617; x_wconf 93' lang='lat' dir='ltr'><strong>nil</strong></span> <span class='ocrx_word' id='word_1_18' title='bbox 691 552 767 618; x_wconf 84' lang='lat' dir='ltr'><strong>tulit</strong></span> <span class='ocrx_word' id='word_1_19' title='bbox 779 552 840 616; x_wconf 82' lang='lat' dir='ltr'><strong>ille</strong></span> <span class='ocrx_word' id='word_1_20' title='bbox 850 541 944 617; x_wconf 84' lang='lat' dir='ltr'><strong>milii.</strong></span> 
     </span>
     <span class='ocr_line' id='line_1_4' title="bbox 224 653 1323 740; baseline 0 -18"><span class='ocrx_word' id='word_1_21' title='bbox 224 653 358 722; x_wconf 76' lang='lat' dir='ltr'><strong>Habuit</strong></span> <span class='ocrx_word' id='word_1_22' title='bbox 379 672 501 720; x_wconf 84' lang='lat' dir='ltr'><strong>uxores</strong></span> <span class='ocrx_word' id='word_1_23' title='bbox 524 659 602 732; x_wconf 86' lang='lat' dir='ltr'><strong>tres,</strong></span> <span class='ocrx_word' id='word_1_24' title='bbox 629 673 768 739; x_wconf 80' lang='lat' dir='ltr'><strong>querum</strong></span> <span class='ocrx_word' id='word_1_25' title='bbox 790 654 875 721; x_wconf 77' lang='lat' dir='ltr'><strong>duas</strong></span> <span class='ocrx_word' id='word_1_26' title='bbox 897 653 1103 740; x_wconf 78' lang='lat' dir='ltr'><strong>repudiarit3</strong></span> <span class='ocrx_word' id='word_1_27' title='bbox 1126 669 1202 721; x_wconf 78' lang='lat' dir='ltr'><strong>curn</strong></span> <span class='ocrx_word' id='word_1_28' title='bbox 1223 655 1323 722; x_wconf 79' lang='lat' dir='ltr'><strong>tertis</strong></span> 
     </span>
     <span class='ocr_line' id='line_1_5' title="bbox 221 755 1323 842; baseline -0.002 -18"><span class='ocrx_word' id='word_1_29' title='bbox 221 769 300 824; x_wconf 73' lang='lat' dir='ltr'><strong>vcro</strong></span> <span class='ocrx_word' id='word_1_30' title='bbox 325 755 595 842; x_wconf 82' lang='lat' dir='ltr'><strong>conjuncb&#39;ssirne</strong></span> <span class='ocrx_word' id='word_1_31' title='bbox 619 762 652 822; x_wconf 89' lang='lat' dir='ltr'><strong>et</strong></span> <span class='ocrx_word' id='word_1_32' title='bbox 675 757 903 824; x_wconf 80' lang='lat' dir='ltr'><strong>amentissime</strong></span> <span class='ocrx_word' id='word_1_33' title='bbox 923 757 1027 824; x_wconf 84' lang='lat' dir='ltr'><strong>vixit:</strong></span> <span class='ocrx_word' id='word_1_34' title='bbox 1049 758 1128 822; x_wconf 86' lang='lat' dir='ltr'><strong>item</strong></span> <span class='ocrx_word' id='word_1_35' title='bbox 1152 756 1266 836; x_wconf 78' lang='lat' dir='ltr'><strong>lilium,</strong></span> <span class='ocrx_word' id='word_1_36' title='bbox 1290 762 1323 822; x_wconf 87' lang='lat' dir='ltr'><strong>et</strong></span> 
     </span>
     <span class='ocr_line' id='line_1_6' title="bbox 215 856 1323 940; baseline 0 -18"><span class='ocrx_word' id='word_1_37' title='bbox 215 858 309 923; x_wconf 62' lang='lat' dir='ltr'><strong>‘&#39;nlios</strong></span> <span class='ocrx_word' id='word_1_38' title='bbox 331 857 476 940; x_wconf 81' lang='lat' dir='ltr'><strong>liberos3</strong></span> <span class='ocrx_word' id='word_1_39' title='bbox 498 857 558 922; x_wconf 86' lang='lat' dir='ltr'><strong>sed</strong></span> <span class='ocrx_word' id='word_1_40' title='bbox 580 877 625 923; x_wconf 87' lang='lat' dir='ltr'><strong>ex</strong></span> <span class='ocrx_word' id='word_1_41' title='bbox 649 857 721 924; x_wconf 86' lang='lat' dir='ltr'><strong>illis</strong></span> <span class='ocrx_word' id='word_1_42' title='bbox 743 865 778 925; x_wconf 88' lang='lat' dir='ltr'><strong>et</strong></span> <span class='ocrx_word' id='word_1_43' title='bbox 802 877 887 924; x_wconf 84' lang='lat' dir='ltr'><strong>evus</strong></span> <span class='ocrx_word' id='word_1_44' title='bbox 911 857 1021 925; x_wconf 81' lang='lat' dir='ltr'><strong>suctus</strong></span> <span class='ocrx_word' id='word_1_45' title='bbox 1044 864 1107 925; x_wconf 86' lang='lat' dir='ltr'><strong>est.</strong></span> <span class='ocrx_word' id='word_1_46' title='bbox 1152 857 1267 937; x_wconf 80' lang='lat' dir='ltr'><strong>Quare</strong></span> <span class='ocrx_word' id='word_1_47' title='bbox 1290 856 1323 922; x_wconf 89' lang='lat' dir='ltr'><strong>in</strong></span> 
     </span>
     <span class='ocr_line' id='line_1_7' title="bbox 222 958 749 1044; baseline 0.006 -20"><span class='ocrx_word' id='word_1_48' title='bbox 222 965 342 1043; x_wconf 85' lang='lat' dir='ltr'><strong>quarto</strong></span> <span class='ocrx_word' id='word_1_49' title='bbox 356 959 409 1024; x_wconf 90' lang='lat' dir='ltr'><strong>De</strong></span> <span class='ocrx_word' id='word_1_50' title='bbox 422 958 524 1025; x_wconf 71' lang='lat' dir='ltr'><strong>illst.</strong></span> <span class='ocrx_word' id='word_1_51' title='bbox 538 961 586 1026; x_wconf 85' lang='lat' dir='ltr'><strong>eit</strong></span> <span class='ocrx_word' id='word_1_52' title='bbox 596 961 680 1044; x_wconf 55' lang='lat' dir='ltr'><strong>elegi</strong></span> <span class='ocrx_word' id='word_1_53' title='bbox 695 961 749 1026; x_wconf 56' lang='lat'><strong>10„</strong></span> 
     </span>
     <span class='ocr_line' id='line_1_8' title="bbox 305 1059 1093 1147; baseline 0.001 -21"><span class='ocrx_word' id='word_1_54' title='bbox 305 1061 410 1127; x_wconf 85' lang='lat' dir='ltr'><strong>Peene</strong></span> <span class='ocrx_word' id='word_1_55' title='bbox 422 1059 506 1127; x_wconf 85' lang='lat' dir='ltr'><strong>mibi</strong></span> <span class='ocrx_word' id='word_1_56' title='bbox 519 1079 624 1147; x_wconf 78' lang='lat' dir='ltr'><strong>puero</strong></span> <span class='ocrx_word' id='word_1_57' title='bbox 637 1071 700 1129; x_wconf 82' lang='lat' dir='ltr'><strong>nec</strong></span> <span class='ocrx_word' id='word_1_58' title='bbox 713 1063 813 1145; x_wconf 81' lang='lat' dir='ltr'><strong>dignu</strong></span> <span class='ocrx_word' id='word_1_59' title='bbox 826 1082 888 1128; x_wconf 90' lang='lat' dir='ltr'><strong>nec</strong></span> <span class='ocrx_word' id='word_1_60' title='bbox 901 1061 993 1128; x_wconf 86' lang='lat' dir='ltr'><strong>utilis</strong></span> <span class='ocrx_word' id='word_1_61' title='bbox 1008 1079 1093 1129; x_wconf 81' lang='lat' dir='ltr'><strong>uxor</strong></span> 
     </span>
     <span class='ocr_line' id='line_1_9' title="bbox 350 1163 1138 1249; baseline 0.003 -21"><span class='ocrx_word' id='word_1_62' title='bbox 350 1163 414 1228; x_wconf 76' lang='lat' dir='ltr'><strong>Est</strong></span> <span class='ocrx_word' id='word_1_63' title='bbox 426 1163 519 1244; x_wconf 80' lang='lat' dir='ltr'><strong>dete,</strong></span> <span class='ocrx_word' id='word_1_64' title='bbox 535 1184 613 1249; x_wconf 79' lang='lat' dir='ltr'><strong>quse</strong></span> <span class='ocrx_word' id='word_1_65' title='bbox 627 1171 759 1249; x_wconf 86' lang='lat' dir='ltr'><strong>tempus</strong></span> <span class='ocrx_word' id='word_1_66' title='bbox 773 1166 932 1249; x_wconf 83' lang='lat' dir='ltr'><strong>perbreve</strong></span> <span class='ocrx_word' id='word_1_67' title='bbox 944 1170 1050 1248; x_wconf 75' lang='lat' dir='ltr'><strong>nuptu</strong></span> <span class='ocrx_word' id='word_1_68' title='bbox 1061 1163 1138 1230; x_wconf 80' lang='lat' dir='ltr'><strong>fnit.</strong></span> 
     </span>
     <span class='ocr_line' id='line_1_10' title="bbox 185 1261 1114 1352; baseline 0.006 -25"><span class='ocrx_word' id='word_1_69' title='bbox 185 1317 189 1327; x_wconf 91' lang='grc'><em>,</em></span> <span class='ocrx_word' id='word_1_70' title='bbox 308 1261 364 1332; x_wconf 92' lang='lat' dir='ltr'><strong>Illi</strong></span> <span class='ocrx_word' id='word_1_71' title='bbox 378 1268 555 1347; x_wconf 86' lang='lat' dir='ltr'><strong>successit,</strong></span> <span class='ocrx_word' id='word_1_72' title='bbox 572 1267 726 1352; x_wconf 80' lang='lat' dir='ltr'><strong>quumvis</strong></span> <span class='ocrx_word' id='word_1_73' title='bbox 740 1269 812 1332; x_wconf 87' lang='lat' dir='ltr'><strong>sine</strong></span> <span class='ocrx_word' id='word_1_74' title='bbox 825 1267 975 1344; x_wconf 89' lang='lat' dir='ltr'><strong>crimine,</strong></span> <span class='ocrx_word' id='word_1_75' title='bbox 989 1267 1114 1352; x_wconf 84' lang='lat' dir='ltr'><strong>conjux</strong></span> 
     </span>
     <span class='ocr_line' id='line_1_11' title="bbox 350 1366 1057 1436; baseline 0 -2"><span class='ocrx_word' id='word_1_76' title='bbox 350 1366 431 1434; x_wconf 88' lang='lat' dir='ltr'><strong>Non</strong></span> <span class='ocrx_word' id='word_1_77' title='bbox 443 1373 553 1434; x_wconf 83' lang='lat' dir='ltr'><strong>tumen</strong></span> <span class='ocrx_word' id='word_1_78' title='bbox 567 1371 600 1434; x_wconf 91' lang='lat' dir='ltr'><strong>in</strong></span> <span class='ocrx_word' id='word_1_79' title='bbox 614 1375 728 1435; x_wconf 85' lang='lat' dir='ltr'><strong>nostro</strong></span> <span class='ocrx_word' id='word_1_80' title='bbox 740 1371 834 1436; x_wconf 82' lang='lat' dir='ltr'><strong>tinne</strong></span> <span class='ocrx_word' id='word_1_81' title='bbox 846 1369 959 1435; x_wconf 83' lang='lat' dir='ltr'><strong>intnrn</strong></span> <span class='ocrx_word' id='word_1_82' title='bbox 972 1374 1057 1434; x_wconf 85' lang='lat' dir='ltr'><strong>tore.</strong></span> 
     </span>
     <span class='ocr_line' id='line_1_12' title="bbox 310 1465 1164 1558; baseline -0.004 -20"><span class='ocrx_word' id='word_1_83' title='bbox 310 1465 445 1550; x_wconf 82' lang='lat' dir='ltr'><strong>Ultima,</strong></span> <span class='ocrx_word' id='word_1_84' title='bbox 462 1491 538 1556; x_wconf 81' lang='lat' dir='ltr'><strong>quse</strong></span> <span class='ocrx_word' id='word_1_85' title='bbox 552 1491 683 1540; x_wconf 87' lang='lat' dir='ltr'><strong>mecum</strong></span> <span class='ocrx_word' id='word_1_86' title='bbox 697 1491 790 1538; x_wconf 80' lang='lat' dir='ltr'><strong>seros</strong></span> <span class='ocrx_word' id='word_1_87' title='bbox 805 1471 984 1558; x_wconf 76' lang='lat' dir='ltr'><strong>permensit</strong></span> <span class='ocrx_word' id='word_1_88' title='bbox 998 1471 1031 1535; x_wconf 88' lang='lat' dir='ltr'><strong>in</strong></span> <span class='ocrx_word' id='word_1_89' title='bbox 1045 1488 1164 1549; x_wconf 76' lang='lat' dir='ltr'><strong>ennon,</strong></span> 
     </span>
     <span class='ocr_line' id='line_1_13' title="bbox 349 1573 950 1660; baseline 0 -21"><span class='ocrx_word' id='word_1_90' title='bbox 349 1573 511 1640; x_wconf 82' lang='lat' dir='ltr'><strong>Sustinuit</strong></span> <span class='ocrx_word' id='word_1_91' title='bbox 525 1575 649 1660; x_wconf 85' lang='lat' dir='ltr'><strong>conjnx</strong></span> <span class='ocrx_word' id='word_1_92' title='bbox 662 1575 773 1640; x_wconf 85' lang='lat' dir='ltr'><strong>exulis</strong></span> <span class='ocrx_word' id='word_1_93' title='bbox 786 1587 860 1638; x_wconf 82' lang='lat' dir='ltr'><strong>esse</strong></span> <span class='ocrx_word' id='word_1_94' title='bbox 873 1573 950 1639; x_wconf 84' lang='lat' dir='ltr'><strong>viri.</strong></span> 
     </span>
     <span class='ocr_line' id='line_1_14' title="bbox 308 1673 1062 1761; baseline 0 -23"><span class='ocrx_word' id='word_1_95' title='bbox 308 1673 396 1742; x_wconf 85' lang='lat' dir='ltr'><strong>Filin</strong></span> <span class='ocrx_word' id='word_1_96' title='bbox 409 1693 463 1740; x_wconf 89' lang='lat' dir='ltr'><strong>me</strong></span> <span class='ocrx_word' id='word_1_97' title='bbox 475 1693 549 1742; x_wconf 81' lang='lat' dir='ltr'><strong>men</strong></span> <span class='ocrx_word' id='word_1_98' title='bbox 559 1676 613 1740; x_wconf 90' lang='lat' dir='ltr'><strong>bis</strong></span> <span class='ocrx_word' id='word_1_99' title='bbox 627 1676 735 1761; x_wconf 82' lang='lat' dir='ltr'><strong>primu</strong></span> <span class='ocrx_word' id='word_1_100' title='bbox 746 1675 903 1741; x_wconf 79' lang='lat' dir='ltr'><strong>soecnnrle</strong></span> <span class='ocrx_word' id='word_1_101' title='bbox 911 1673 1062 1759; x_wconf 69' lang='lat' dir='ltr'><strong>juvente,</strong></span> 
     </span>
     <span class='ocr_line' id='line_1_15' title="bbox 349 1775 1015 1862; baseline -0.002 -20"><span class='ocrx_word' id='word_1_102' title='bbox 349 1775 420 1842; x_wconf 85' lang='lat' dir='ltr'><strong>Sed</strong></span> <span class='ocrx_word' id='word_1_103' title='bbox 434 1794 500 1842; x_wconf 89' lang='lat' dir='ltr'><strong>non</strong></span> <span class='ocrx_word' id='word_1_104' title='bbox 514 1795 560 1842; x_wconf 83' lang='lat' dir='ltr'><strong>ex</strong></span> <span class='ocrx_word' id='word_1_105' title='bbox 572 1789 640 1842; x_wconf 88' lang='lat' dir='ltr'><strong>uno</strong></span> <span class='ocrx_word' id='word_1_106' title='bbox 653 1777 794 1862; x_wconf 79' lang='lat' dir='ltr'><strong>conjuge</strong></span> <span class='ocrx_word' id='word_1_107' title='bbox 808 1777 887 1842; x_wconf 82' lang='lat' dir='ltr'><strong>tecit</strong></span> <span class='ocrx_word' id='word_1_108' title='bbox 901 1794 1015 1842; x_wconf 83' lang='lat' dir='ltr'><strong>urum.</strong></span> 
     </span>
     <span class='ocr_line' id='line_1_16' title="bbox 219 1876 1019 1963; baseline -0.001 -18"><span class='ocrx_word' id='word_1_109' title='bbox 219 1877 260 1946; x_wconf 90' lang='lat' dir='ltr'><strong>In</strong></span> <span class='ocrx_word' id='word_1_110' title='bbox 274 1877 385 1963; x_wconf 88' lang='lat' dir='ltr'><strong>primo</strong></span> <span class='ocrx_word' id='word_1_111' title='bbox 398 1876 509 1944; x_wconf 78' lang='lat' dir='ltr'><strong>eutem</strong></span> <span class='ocrx_word' id='word_1_112' title='bbox 521 1878 607 1944; x_wconf 87' lang='lat' dir='ltr'><strong>libro</strong></span> <span class='ocrx_word' id='word_1_113' title='bbox 619 1879 673 1944; x_wconf 82' lang='lat' dir='ltr'><strong>De</strong></span> <span class='ocrx_word' id='word_1_114' title='bbox 687 1878 789 1945; x_wconf 82' lang='lat' dir='ltr'><strong>Trist.</strong></span> <span class='ocrx_word' id='word_1_115' title='bbox 803 1878 886 1960; x_wconf 79' lang='lat' dir='ltr'><strong>eleg.</strong></span> <span class='ocrx_word' id='word_1_116' title='bbox 901 1878 933 1942; x_wconf 78' lang='lat'><strong>3.</strong></span> <span class='ocrx_word' id='word_1_117' title='bbox 948 1879 1019 1944; x_wconf 90' lang='lat' dir='ltr'><strong>sic:</strong></span> 
     </span>
     <span class='ocr_line' id='line_1_17' title="bbox 304 1978 1170 2065; baseline 0 -19"><span class='ocrx_word' id='word_1_118' title='bbox 304 1980 407 2064; x_wconf 77' lang='lat' dir='ltr'><strong>Sceps</strong></span> <span class='ocrx_word' id='word_1_119' title='bbox 422 1980 542 2046; x_wconf 80' lang='lat' dir='ltr'><strong>cadem</strong></span> <span class='ocrx_word' id='word_1_120' title='bbox 556 1979 712 2046; x_wconf 80' lang='lat' dir='ltr'><strong>rnundste</strong></span> <span class='ocrx_word' id='word_1_121' title='bbox 724 1981 819 2046; x_wconf 87' lang='lat' dir='ltr'><strong>dedi:</strong></span> <span class='ocrx_word' id='word_1_122' title='bbox 841 1996 961 2064; x_wconf 69' lang='lat' dir='ltr'><strong>meqm</strong></span> <span class='ocrx_word' id='word_1_123' title='bbox 972 1981 1046 2065; x_wconf 85' lang='lat' dir='ltr'><strong>lpse</strong></span> <span class='ocrx_word' id='word_1_124' title='bbox 1057 1978 1170 2058; x_wconf 78' lang='lat' dir='ltr'><strong>fefelli,</strong></span> 
     </span>
     <span class='ocr_line' id='line_1_18' title="bbox 348 2081 1022 2166; baseline -0.007 -18"><span class='ocrx_word' id='word_1_125' title='bbox 348 2081 549 2166; x_wconf 76' lang='lat' dir='ltr'><strong>Respiciens</strong></span> <span class='ocrx_word' id='word_1_126' title='bbox 561 2083 670 2148; x_wconf 85' lang='lat' dir='ltr'><strong>oculis</strong></span> <span class='ocrx_word' id='word_1_127' title='bbox 685 2083 825 2166; x_wconf 79' lang='lat' dir='ltr'><strong>pignera</strong></span> <span class='ocrx_word' id='word_1_128' title='bbox 836 2093 914 2147; x_wconf 79' lang='lat' dir='ltr'><strong>curu</strong></span> <span class='ocrx_word' id='word_1_129' title='bbox 927 2082 1022 2146; x_wconf 87' lang='lat' dir='ltr'><strong>meis.</strong></span> 
     </span>
     <span class='ocr_line' id='line_1_19' title="bbox 219 2182 675 2266; baseline 0.002 -18"><span class='ocrx_word' id='word_1_130' title='bbox 219 2183 265 2250; x_wconf 78' lang='lat' dir='ltr'><strong>nt</strong></span> <span class='ocrx_word' id='word_1_131' title='bbox 278 2182 314 2250; x_wconf 90' lang='lat' dir='ltr'><strong>in</strong></span> <span class='ocrx_word' id='word_1_132' title='bbox 327 2185 424 2249; x_wconf 86' lang='lat' dir='ltr'><strong>tertio</strong></span> <span class='ocrx_word' id='word_1_133' title='bbox 437 2183 521 2266; x_wconf 81' lang='lat' dir='ltr'><strong>eleg.</strong></span> <span class='ocrx_word' id='word_1_134' title='bbox 534 2183 588 2247; x_wconf 87' lang='grc'><strong>11.</strong></span> <span class='ocrx_word' id='word_1_135' title='bbox 604 2183 675 2249; x_wconf 86' lang='lat' dir='ltr'><strong>sic:</strong></span> 
     </span>
     <span class='ocr_line' id='line_1_20' title="bbox 305 2283 1157 2371; baseline 0.001 -22"><span class='ocrx_word' id='word_1_136' title='bbox 305 2283 424 2368; x_wconf 85' lang='lat' dir='ltr'><strong>Usque</strong></span> <span class='ocrx_word' id='word_1_137' title='bbox 437 2285 481 2350; x_wconf 86' lang='lat' dir='ltr'><strong>sit</strong></span> <span class='ocrx_word' id='word_1_138' title='bbox 493 2286 652 2368; x_wconf 85' lang='lat' dir='ltr'><strong>exignum</strong></span> <span class='ocrx_word' id='word_1_139' title='bbox 665 2305 790 2370; x_wconf 80' lang='lat' dir='ltr'><strong>poenae,</strong></span> <span class='ocrx_word' id='word_1_140' title='bbox 805 2285 895 2371; x_wconf 88' lang='lat' dir='ltr'><strong>quod</strong></span> <span class='ocrx_word' id='word_1_141' title='bbox 910 2283 1054 2370; x_wconf 76' lang='lat' dir='ltr'><strong>conjuge</strong></span> <span class='ocrx_word' id='word_1_142' title='bbox 1066 2301 1157 2362; x_wconf 60' lang='lat' dir='ltr'><strong>curn,</strong></span> 
     </span>
     <span class='ocr_line' id='line_1_21' title="bbox 347 2384 1194 2472; baseline 0 -22"><span class='ocrx_word' id='word_1_143' title='bbox 347 2384 452 2464; x_wconf 79' lang='lat' dir='ltr'><strong>Quod</strong></span> <span class='ocrx_word' id='word_1_144' title='bbox 467 2405 569 2452; x_wconf 81' lang='lat' dir='ltr'><strong>cerco</strong></span> <span class='ocrx_word' id='word_1_145' title='bbox 583 2387 704 2472; x_wconf 80' lang='lat' dir='ltr'><strong>petrin,</strong></span> <span class='ocrx_word' id='word_1_146' title='bbox 718 2388 978 2472; x_wconf 79' lang='lat' dir='ltr'><strong>pignoribusque</strong></span> <span class='ocrx_word' id='word_1_147' title='bbox 993 2387 1089 2451; x_wconf 86' lang='lat' dir='ltr'><strong>meis.</strong></span> <span class='ocrx_word' id='word_1_148' title='bbox 1189 2425 1194 2430; x_wconf 91' lang='lat'>-</span> 
     </span>
     <span class='ocr_line' id='line_1_22' title="bbox 219 2485 1322 2571; baseline -0.001 -19"><span class='ocrx_word' id='word_1_149' title='bbox 219 2486 304 2552; x_wconf 88' lang='lat' dir='ltr'><strong>Cum</strong></span> <span class='ocrx_word' id='word_1_150' title='bbox 319 2493 428 2552; x_wconf 86' lang='lat' dir='ltr'><strong>eutem</strong></span> <span class='ocrx_word' id='word_1_151' title='bbox 445 2487 634 2571; x_wconf 74' lang='lat' dir='ltr'><strong>Augustum</strong></span> <span class='ocrx_word' id='word_1_152' title='bbox 654 2487 822 2553; x_wconf 66' lang='lat' dir='ltr'><strong>cesarem</strong></span> <span class='ocrx_word' id='word_1_153' title='bbox 836 2487 1070 2571; x_wconf 84' lang='lat' dir='ltr'><strong>imprudenter,</strong></span> <span class='ocrx_word' id='word_1_154' title='bbox 1087 2491 1121 2552; x_wconf 87' lang='lat' dir='ltr'><strong>et</strong></span> <span class='ocrx_word' id='word_1_155' title='bbox 1131 2485 1270 2566; x_wconf 88' lang='lat' dir='ltr'><strong>inscius,</strong></span> <span class='ocrx_word' id='word_1_156' title='bbox 1285 2489 1322 2555; x_wconf 83' lang='lat' dir='ltr'><strong>nt</strong></span> 
     </span>
     <span class='ocr_line' id='line_1_23' title="bbox 219 2587 1378 2674; baseline -0.001 -21"><span class='ocrx_word' id='word_1_157' title='bbox 219 2590 293 2672; x_wconf 86' lang='lat' dir='ltr'><strong>ipse</strong></span> <span class='ocrx_word' id='word_1_158' title='bbox 303 2587 363 2668; x_wconf 81' lang='lat' dir='ltr'><strong>sit,</strong></span> <span class='ocrx_word' id='word_1_159' title='bbox 389 2588 595 2668; x_wconf 84' lang='lat' dir='ltr'><strong>offendisset,</strong></span> <span class='ocrx_word' id='word_1_160' title='bbox 610 2588 654 2655; x_wconf 85' lang='lat' dir='ltr'><strong>ud</strong></span> <span class='ocrx_word' id='word_1_161' title='bbox 672 2589 824 2654; x_wconf 87' lang='lat' dir='ltr'><strong>Euxinos</strong></span> <span class='ocrx_word' id='word_1_162' title='bbox 839 2591 883 2653; x_wconf 82' lang='lat' dir='ltr'><strong>ab</strong></span> <span class='ocrx_word' id='word_1_163' title='bbox 897 2609 940 2654; x_wconf 87' lang='lat' dir='ltr'><strong>eo</strong></span> <span class='ocrx_word' id='word_1_164' title='bbox 953 2588 1120 2674; x_wconf 72' lang='lat' dir='ltr'><strong>relegatus</strong></span> <span class='ocrx_word' id='word_1_165' title='bbox 1133 2595 1198 2667; x_wconf 87' lang='lat' dir='ltr'><strong>est,</strong></span> <span class='ocrx_word' id='word_1_166' title='bbox 1213 2601 1320 2655; x_wconf 84' lang='lat' dir='ltr'><strong>enncs</strong></span> <span class='ocrx_word' id='word_1_167' title='bbox 1374 2645 1378 2652; x_wconf 88' lang='lat'><em>.</em></span> 
     </span>
     <span class='ocr_line' id='line_1_24' title="bbox 217 2691 945 2775; baseline -0.005 -20"><span class='ocrx_word' id='word_1_168' title='bbox 217 2696 317 2756; x_wconf 84' lang='lat' dir='ltr'><strong>nutus</strong></span> <span class='ocrx_word' id='word_1_169' title='bbox 333 2707 368 2756; x_wconf 80' lang='lat' dir='ltr'><strong>c.</strong></span> <span class='ocrx_word' id='word_1_170' title='bbox 383 2711 486 2775; x_wconf 81' lang='lat' dir='ltr'><strong>quare</strong></span> <span class='ocrx_word' id='word_1_171' title='bbox 500 2691 596 2757; x_wconf 77' lang='lat' dir='ltr'><strong>sitin</strong></span> <span class='ocrx_word' id='word_1_172' title='bbox 610 2691 713 2756; x_wconf 82' lang='lat' dir='ltr'><strong>Trist.</strong></span> <span class='ocrx_word' id='word_1_173' title='bbox 730 2691 945 2775; x_wconf 70' lang='lat' dir='ltr'><strong>rv.eleg.10.</strong></span> 
     </span>
     <span class='ocr_line' id='line_1_25' title="bbox 304 2791 1053 2878; baseline 0 -20"><span class='ocrx_word' id='word_1_174' title='bbox 304 2791 455 2878; x_wconf 85' lang='lat' dir='ltr'><strong>Postque</strong></span> <span class='ocrx_word' id='word_1_175' title='bbox 467 2813 561 2858; x_wconf 84' lang='lat' dir='ltr'><strong>meos</strong></span> <span class='ocrx_word' id='word_1_176' title='bbox 576 2799 670 2858; x_wconf 73' lang='lat' dir='ltr'><strong>onus</strong></span> <span class='ocrx_word' id='word_1_177' title='bbox 685 2791 801 2857; x_wconf 78' lang='lat' dir='ltr'><strong>Pisaee</strong></span> <span class='ocrx_word' id='word_1_178' title='bbox 811 2793 944 2858; x_wconf 88' lang='lat' dir='ltr'><strong>vinctus</strong></span> <span class='ocrx_word' id='word_1_179' title='bbox 960 2792 1053 2858; x_wconf 82' lang='lat' dir='ltr'><strong>olive</strong></span> 
     </span>
     <span class='ocr_line' id='line_1_26' title="bbox 344 2893 1079 2979; baseline -0.004 -17"><span class='ocrx_word' id='word_1_180' title='bbox 344 2893 541 2962; x_wconf 77' lang='lat' dir='ltr'><strong>Abstulerat</strong></span> <span class='ocrx_word' id='word_1_181' title='bbox 554 2894 666 2960; x_wconf 85' lang='lat' dir='ltr'><strong>decies</strong></span> <span class='ocrx_word' id='word_1_182' title='bbox 679 2893 819 2978; x_wconf 74' lang='lat' dir='ltr'><strong>praemis</strong></span> <span class='ocrx_word' id='word_1_183' title='bbox 834 2895 941 2960; x_wconf 83' lang='lat' dir='ltr'><strong>victur</strong></span> <span class='ocrx_word' id='word_1_184' title='bbox 955 2911 1079 2979; x_wconf 87' lang='lat' dir='ltr'><strong>equus:</strong></span> 
     </span>
     <span class='ocr_line' id='line_1_27' title="bbox 304 2996 1121 3080; baseline -0.001 -17"><span class='ocrx_word' id='word_1_185' title='bbox 304 2997 390 3064; x_wconf 83' lang='lat' dir='ltr'><strong>Cum</strong></span> <span class='ocrx_word' id='word_1_186' title='bbox 404 2997 506 3062; x_wconf 84' lang='lat' dir='ltr'><strong>maris</strong></span> <span class='ocrx_word' id='word_1_187' title='bbox 522 2997 649 3062; x_wconf 79' lang='lat' dir='ltr'><strong>Euxini</strong></span> <span class='ocrx_word' id='word_1_188' title='bbox 663 2996 793 3080; x_wconf 85' lang='lat' dir='ltr'><strong>positos</strong></span> <span class='ocrx_word' id='word_1_189' title='bbox 807 2996 851 3061; x_wconf 87' lang='lat' dir='ltr'><strong>nd</strong></span> <span class='ocrx_word' id='word_1_190' title='bbox 866 2997 955 3062; x_wconf 75' lang='lat' dir='ltr'><strong>lceve</strong></span> <span class='ocrx_word' id='word_1_191' title='bbox 967 2996 1121 3062; x_wconf 74' lang='lat' dir='ltr'><strong>Tomitas</strong></span> 
     </span>
     <span class='ocr_line' id='line_1_28' title="bbox 224 3098 1017 3183; baseline 0.003 -19"><span class='ocrx_word' id='word_1_192' title='bbox 224 3101 226 3108; x_wconf 81' lang='grc'><em>’</em></span> <span class='ocrx_word' id='word_1_193' title='bbox 347 3099 508 3180; x_wconf 74' lang='lat' dir='ltr'><strong>Quaerere</strong></span> <span class='ocrx_word' id='word_1_194' title='bbox 518 3119 571 3165; x_wconf 87' lang='lat' dir='ltr'><strong>me</strong></span> <span class='ocrx_word' id='word_1_195' title='bbox 585 3099 663 3164; x_wconf 86' lang='lat' dir='ltr'><strong>lnesi</strong></span> <span class='ocrx_word' id='word_1_196' title='bbox 675 3098 839 3181; x_wconf 90' lang='lat' dir='ltr'><strong>principis</strong></span> <span class='ocrx_word' id='word_1_197' title='bbox 852 3099 904 3164; x_wconf 83' lang='lat' dir='ltr'><strong>ire</strong></span> <span class='ocrx_word' id='word_1_198' title='bbox 911 3099 1017 3183; x_wconf 85' lang='lat' dir='ltr'><strong>jubet.</strong></span> 
     </span>
     <span class='ocr_line' id='line_1_29' title="bbox 216 3199 1322 3279; baseline 0.006 -14"><span class='ocrx_word' id='word_1_199' title='bbox 216 3199 388 3266; x_wconf 85' lang='lat' dir='ltr'><strong>Describit</strong></span> <span class='ocrx_word' id='word_1_200' title='bbox 413 3207 526 3266; x_wconf 83' lang='lat' dir='ltr'><strong>antem</strong></span> <span class='ocrx_word' id='word_1_201' title='bbox 548 3201 737 3265; x_wconf 82' lang='lat' dir='ltr'><strong>discessum</strong></span> <span class='ocrx_word' id='word_1_202' title='bbox 763 3217 862 3264; x_wconf 86' lang='lat' dir='ltr'><strong>snum</strong></span> <span class='ocrx_word' id='word_1_203' title='bbox 886 3219 931 3264; x_wconf 85' lang='lat' dir='ltr'><strong>ex</strong></span> <span class='ocrx_word' id='word_1_204' title='bbox 955 3201 1048 3279; x_wconf 88' lang='lat' dir='ltr'><strong>urbe,</strong></span> <span class='ocrx_word' id='word_1_205' title='bbox 1082 3207 1115 3266; x_wconf 85' lang='lat' dir='ltr'><strong>et</strong></span> <span class='ocrx_word' id='word_1_206' title='bbox 1140 3203 1258 3270; x_wconf 79' lang='lat' dir='ltr'><strong>uxoris</strong></span> <span class='ocrx_word' id='word_1_207' title='bbox 1287 3211 1322 3272; x_wconf 87' lang='lat' dir='ltr'><strong>et</strong></span> 
     </span>
     <span class='ocr_line' id='line_1_30' title="bbox 216 3301 1320 3388; baseline 0.005 -20"><span class='ocrx_word' id='word_1_208' title='bbox 216 3307 398 3368; x_wconf 81' lang='lat' dir='ltr'><strong>ceterorum</strong></span> <span class='ocrx_word' id='word_1_209' title='bbox 428 3323 564 3368; x_wconf 87' lang='lat' dir='ltr'><strong>snorum</strong></span> <span class='ocrx_word' id='word_1_210' title='bbox 593 3303 771 3386; x_wconf 77' lang='lat' dir='ltr'><strong>lacrymas,</strong></span> <span class='ocrx_word' id='word_1_211' title='bbox 809 3301 992 3386; x_wconf 81' lang='lat' dir='ltr'><strong>duramque</strong></span> <span class='ocrx_word' id='word_1_212' title='bbox 1023 3309 1058 3368; x_wconf 88' lang='lat' dir='ltr'><strong>et</strong></span> <span class='ocrx_word' id='word_1_213' title='bbox 1093 3305 1320 3388; x_wconf 76' lang='lat' dir='ltr'><strong>periculosam</strong></span> 
     </span>
     <span class='ocr_line' id='line_1_31' title="bbox 213 3403 1319 3494; baseline 0.007 -26"><span class='ocrx_word' id='word_1_214' title='bbox 213 3403 459 3487; x_wconf 79' lang='lat' dir='ltr'><strong>navigationem</strong></span> <span class='ocrx_word' id='word_1_215' title='bbox 478 3423 573 3468; x_wconf 81' lang='lat' dir='ltr'><strong>susm</strong></span> <span class='ocrx_word' id='word_1_216' title='bbox 592 3406 700 3489; x_wconf 87' lang='lat' dir='ltr'><strong>primo</strong></span> <span class='ocrx_word' id='word_1_217' title='bbox 724 3403 777 3469; x_wconf 88' lang='lat' dir='ltr'><strong>De</strong></span> <span class='ocrx_word' id='word_1_218' title='bbox 796 3405 898 3472; x_wconf 83' lang='lat' dir='ltr'><strong>Trist.</strong></span> <span class='ocrx_word' id='word_1_219' title='bbox 922 3405 1027 3489; x_wconf 80' lang='lat' dir='ltr'><strong>longe</strong></span> <span class='ocrx_word' id='word_1_220' title='bbox 1050 3406 1212 3488; x_wconf 75' lang='lat' dir='ltr'><strong>epistola,</strong></span> <span class='ocrx_word' id='word_1_221' title='bbox 1238 3428 1319 3494; x_wconf 73' lang='lat' dir='ltr'><strong>quus</strong></span> 
     </span>
     <span class='ocr_line' id='line_1_32' title="bbox 214 3504 348 3588; baseline 0 -18"><span class='ocrx_word' id='word_1_222' title='bbox 214 3504 348 3588; x_wconf 87' lang='lat' dir='ltr'><strong>incipit:</strong></span> 
     </span>
     <span class='ocr_line' id='line_1_33' title="bbox 145 3595 1144 3692; baseline 0.006 -22"><span class='ocrx_word' id='word_1_223' title='bbox 145 3595 147 3598; x_wconf 60' lang='grc'><strong>’</strong></span> <span class='ocrx_word' id='word_1_224' title='bbox 302 3605 387 3672; x_wconf 88' lang='lat' dir='ltr'><strong>Cum</strong></span> <span class='ocrx_word' id='word_1_225' title='bbox 403 3608 496 3673; x_wconf 88' lang='lat' dir='ltr'><strong>subit</strong></span> <span class='ocrx_word' id='word_1_226' title='bbox 509 3608 602 3674; x_wconf 88' lang='lat' dir='ltr'><strong>illius</strong></span> <span class='ocrx_word' id='word_1_227' title='bbox 615 3605 807 3676; x_wconf 82' lang='lat' dir='ltr'><strong>tristissime</strong></span> <span class='ocrx_word' id='word_1_228' title='bbox 820 3610 930 3676; x_wconf 86' lang='lat' dir='ltr'><strong>noctis</strong></span> <span class='ocrx_word' id='word_1_229' title='bbox 942 3611 1065 3692; x_wconf 79' lang='lat' dir='ltr'><strong>imago,</strong></span> <span class='ocrx_word' id='word_1_230' title='bbox 1081 3613 1144 3676; x_wconf 69' lang='lat' dir='ltr'><strong>icc.</strong></span> 
     </span>
     <span class='ocr_line' id='line_1_34' title="bbox 215 3708 1318 3794; baseline 0.004 -19"><span class='ocrx_word' id='word_1_231' title='bbox 215 3709 388 3775; x_wconf 82' lang='lat' dir='ltr'><strong>Proeterea</strong></span> <span class='ocrx_word' id='word_1_232' title='bbox 401 3711 508 3794; x_wconf 90' lang='lat' dir='ltr'><strong>primo</strong></span> <span class='ocrx_word' id='word_1_233' title='bbox 524 3711 578 3776; x_wconf 87' lang='lat' dir='ltr'><strong>De</strong></span> <span class='ocrx_word' id='word_1_234' title='bbox 592 3710 703 3777; x_wconf 86' lang='lat' dir='ltr'><strong>Ponto</strong></span> <span class='ocrx_word' id='word_1_235' title='bbox 715 3711 751 3776; x_wconf 92' lang='lat' dir='ltr'><strong>in</strong></span> <span class='ocrx_word' id='word_1_236' title='bbox 763 3711 863 3794; x_wconf 87' lang='lat' dir='ltr'><strong>epist.</strong></span> <span class='ocrx_word' id='word_1_237' title='bbox 885 3709 929 3776; x_wconf 88' lang='lat' dir='ltr'><strong>nd</strong></span> <span class='ocrx_word' id='word_1_238' title='bbox 945 3711 1117 3790; x_wconf 85' lang='lat' dir='ltr'><strong>Rufinum,</strong></span> <span class='ocrx_word' id='word_1_239' title='bbox 1137 3731 1178 3777; x_wconf 87' lang='lat' dir='ltr'><strong>eo</strong></span> <span class='ocrx_word' id='word_1_240' title='bbox 1191 3708 1227 3777; x_wconf 90' lang='lat' dir='ltr'><strong>in</strong></span> <span class='ocrx_word' id='word_1_241' title='bbox 1240 3711 1318 3779; x_wconf 88' lang='lat' dir='ltr'><strong>loce</strong></span> 
     </span>
     <span class='ocr_line' id='line_1_35' title="bbox 213 3811 1327 3901; baseline 0.004 -25"><span class='ocrx_word' id='word_1_242' title='bbox 213 3830 251 3876; x_wconf 84' lang='lat' dir='ltr'><strong>se</strong></span> <span class='ocrx_word' id='word_1_243' title='bbox 264 3811 409 3889; x_wconf 70' lang='lat' dir='ltr'><strong>extulere,</strong></span> <span class='ocrx_word' id='word_1_244' title='bbox 435 3812 642 3896; x_wconf 85' lang='lat' dir='ltr'><strong>nbisemper</strong></span> <span class='ocrx_word' id='word_1_245' title='bbox 667 3812 816 3878; x_wconf 75' lang='lat' dir='ltr'><strong>maxime</strong></span> <span class='ocrx_word' id='word_1_246' title='bbox 839 3811 946 3878; x_wconf 82' lang='lat' dir='ltr'><strong>forent</strong></span> <span class='ocrx_word' id='word_1_247' title='bbox 959 3813 1094 3897; x_wconf 81' lang='lat' dir='ltr'><strong>frigere,</strong></span> <span class='ocrx_word' id='word_1_248' title='bbox 1118 3828 1327 3901; x_wconf 73' lang='lat' dir='ltr'><strong>summeque·</strong></span> 
     </span>
     <span class='ocr_line' id='line_1_36' title="bbox 214 3913 1083 3998; baseline 0.005 -20"><span class='ocrx_word' id='word_1_249' title='bbox 214 3913 327 3998; x_wconf 86' lang='lat' dir='ltr'><strong>inopie</strong></span> <span class='ocrx_word' id='word_1_250' title='bbox 339 3913 501 3978; x_wconf 88' lang='lat' dir='ltr'><strong>bonerum</strong></span> <span class='ocrx_word' id='word_1_251' title='bbox 515 3915 671 3992; x_wconf 77' lang='lat' dir='ltr'><strong>bmnium,</strong></span> <span class='ocrx_word' id='word_1_252' title='bbox 684 3915 737 3978; x_wconf 90' lang='lat' dir='ltr'><strong>his</strong></span> <span class='ocrx_word' id='word_1_253' title='bbox 752 3914 898 3996; x_wconf 88' lang='lat' dir='ltr'><strong>queritur</strong></span> <span class='ocrx_word' id='word_1_254' title='bbox 912 3917 1062 3982; x_wconf 84' lang='lat' dir='ltr'><strong>versibus</strong></span> <span class='ocrx_word' id='word_1_255' title='bbox 1075 3937 1083 3981; x_wconf 74' lang='grc' dir='ltr'><strong>ι</strong></span> 
     </span>
     <span class='ocr_line' id='line_1_37' title="bbox 300 4012 1031 4100; baseline 0.007 -22"><span class='ocrx_word' id='word_1_256' title='bbox 300 4012 401 4078; x_wconf 88' lang='lat' dir='ltr'><strong>Orbis</strong></span> <span class='ocrx_word' id='word_1_257' title='bbox 413 4015 447 4079; x_wconf 88' lang='lat' dir='ltr'><strong>in</strong></span> <span class='ocrx_word' id='word_1_258' title='bbox 459 4017 615 4079; x_wconf 79' lang='lat' dir='ltr'><strong>extremis</strong></span> <span class='ocrx_word' id='word_1_259' title='bbox 627 4015 728 4100; x_wconf 78' lang='lat' dir='ltr'><strong>jaceo</strong></span> <span class='ocrx_word' id='word_1_260' title='bbox 742 4014 891 4080; x_wconf 87' lang='lat' dir='ltr'><strong>desertus</strong></span> <span class='ocrx_word' id='word_1_261' title='bbox 906 4019 1031 4096; x_wconf 71' lang='lat' dir='ltr'><strong>arenis,</strong></span> 
     </span>
     <span class='ocr_line' id='line_1_38' title="bbox 343 4113 1033 4201; baseline 0.012 -23"><span class='ocrx_word' id='word_1_262' title='bbox 343 4113 421 4180; x_wconf 84' lang='lat' dir='ltr'><strong>Fert</strong></span> <span class='ocrx_word' id='word_1_263' title='bbox 433 4115 491 4182; x_wconf 91' lang='lat' dir='ltr'><strong>ubi</strong></span> <span class='ocrx_word' id='word_1_264' title='bbox 505 4119 681 4201; x_wconf 78' lang='lat' dir='ltr'><strong>perpetues</strong></span> <span class='ocrx_word' id='word_1_265' title='bbox 694 4118 815 4184; x_wconf 78' lang='lat' dir='ltr'><strong>obrute</strong></span> <span class='ocrx_word' id='word_1_266' title='bbox 828 4123 916 4184; x_wconf 80' lang='lat' dir='ltr'><strong>terre</strong></span> <span class='ocrx_word' id='word_1_267' title='bbox 926 4119 1033 4188; x_wconf 79' lang='lat' dir='ltr'><strong>nives.</strong></span> 
     </span>
    </p>
   </div>
   <div class='ocr_carea' id='block_1_3' title="bbox 0 0 1432 4734">
    <p class='ocr_par' dir='ltr' id='par_1_3' title="bbox 0 0 1432 4734">
     <span class='ocr_line' id='line_1_39' title="bbox 0 0 1432 4734; baseline 0 1"><span class='ocrx_word' id='word_1_268' title='bbox 0 0 1432 4734; x_wconf 95' lang='lat' dir='ltr'><strong> </strong></span> 
     </span>
    </p>
   </div>
  </div>
 </body>
</html>
