2856 4734
216 304 259 369 18
583 319 616 366 r.
640 317 761 367 uvrurr
776 316 950 368 ussurus

301 461 521 529 Currrinuil
533 467 693 546 prosulit:
712 467 893 528 neopum
905 459 1056 526 minius
1070 457 1252 544 quondum,

345 565 526 648 Primoque
539 569 608 628 tem
620 562 752 630 miserm
766 581 872 628 euusu
883 561 976 626 luere
989 559 1089 643 lugu.

216 667 371 735 secunus
384 668 463 732 item
478 665 533 730 De
547 663 650 732 uriae
666 665 734 730 eit:

301 766 371 832 Cur
385 764 513 849 aliquid
527 765 622 831 vidi‘l
645 785 707 830 our
720 764 825 830 nomin
836 763 966 828 luminu
977 762 1070 828 leoli

345 867 417 940 cur
425 867 625 952 imprudenti
639 867 776 950 cognite
787 866 892 950 oulpe
905 864 985 930 milri
999 865 1077 930 esti

301 971 434 1036 luscius
448 968 594 1036 Aetaeou
603 969 691 1034 vidit
705 969 778 1034 siue
791 974 889 1033 veste
904 967 1072 1032 masan:

345 1071 469 1139 ereda
482 1071 545 1136 fuit
559 1072 698 1138 osuibru
711 1089 778 1136 uurr
791 1071 899 1136 minus
913 1067 968 1134 ille
983 1069 1064 1135 suis.

215 1176 260 1240 Et
275 1177 308 1241 iu
322 1173 439 1238 eodem
453 1174 489 1238 in
500 1171 567 1238 fine
579 1193 587 1236 r

302 1274 525 1359 Cermiuuqoe
538 1273 719 1351 edideram,
731 1291 809 1338 eum
824 1279 858 1338 ts
870 1271 996 1339 delicte
1009 1278 1177 1340 uotuutsm

345 1376 612 1444 Praeteriitotirs
625 1377 825 1460 irrequietus
837 1394 951 1459 eques.

301 1479 390 1564 Prgo
403 1500 481 1566 quae
491 1479 609 1565 juveni
621 1481 703 1546 milri
716 1499 784 1545 uon
797 1480 950 1544 nocitura
964 1477 1082 1560 putavi

344 1583 480 1667 Scripta
495 1601 614 1666 perum
628 1583 785 1666 prudeus,
799 1601 887 1646 nuno
901 1599 1044 1645 nocuere
1057 1579 1143 1644 seui.

299 1685 384 1749 Sere
397 1683 598 1749 redundavit
612 1684 735 1749 veteris
747 1683 900 1748 vindicte
913 1681 1026 1746 libelli.

343 1785 461 1851 Distat
474 1790 507 1850 et
520 1805 544 1850 e
555 1784 831 1867 merititompore
844 1802 948 1868 preuu
960 1783 1024 1848 sui.

215 1885 259 1950 Et
274 1887 306 1951 in
321 1902 377 1952 ιιι.
393 1887 475 1971 eleg.
490 1888 524 1950 5.
587 1901 594 1918 ·

299 1985 416 2052 Iusoie
428 1987 517 2070 quod
532 1987 657 2052 crimen
670 1985 824 2052 videmut
836 1985 973 2064 luminu,
986 1984 1132 2069 plector:
1181 2031 1187 2044 .

344 2086 594 2171 Poooetumque
607 2086 725 2151 eorm
742 2091 793 2150 est
805 2085 966 2152 habuisse
979 2105 1101 2152 meum.

301 2188 381 2254 Nou
395 2189 551 2274 equidem
563 2193 671 2253 totum
682 2205 821 2270 possum
832 2186 1008 2253 defendere
1022 2188 1178 2272 uulpem:

342 2290 413 2356 Sed
425 2295 556 2374 purtem
569 2290 675 2355 nostri
690 2288 840 2354 oriminis
854 2308 943 2354 error
957 2290 1068 2355 hebet.

214 2393 350 2478 Ubique
372 2394 472 2478 igitur
494 2393 590 2460 exilii
605 2411 746 2458 esuum
759 2397 829 2458 tum
843 2393 949 2458 libros
964 2393 1019 2457 Do
1033 2391 1128 2471 Arte,
1144 2399 1216 2458 tum
1230 2412 1323 2459 erro·

212 2515 283 2560 rem
304 2497 412 2560 fuisse
434 2499 686 2560 commemoret:
710 2495 789 2578 quis
810 2513 890 2560 veru
918 2495 975 2558 ille
997 2513 1088 2558 error
1109 2494 1220 2572 fuerit,
1235 2514 1322 2560 uuu-

213 2615 314 2680 quem
327 2598 473 2681 speruit,
492 2615 534 2662 ue
552 2597 661 2679 magis
674 2594 847 2678 Augustos
860 2596 926 2660 sibi
941 2596 1148 2662 irasceretur.
1190 2596 1322 2663 Verum

212 2697 306 2779 quie,
320 2703 358 2761 ut
371 2697 446 2780 ipse
459 2697 517 2774 ait,
530 2701 540 2730 ‘
555 2695 706 2762 Nitimur
719 2696 755 2785 iu
769 2698 911 2762 vetitum
932 2717 1073 2780 semper,
1098 2698 1322 2782 cupimusque

211 2795 352 2880 uegeto,¹
375 2796 533 2881 quidnam
545 2797 580 2861 id
602 2797 711 2876 fuerit,
733 2797 867 2882 plurimi
881 2799 968 2864 seire
982 2799 1096 2864 consti
1110 2805 1201 2876 suut,
1214 2803 1248 2864 et
1261 2817 1322 2864 oo·

210 2903 308 2964 netur
333 2919 465 2983 semper
488 2899 632 2982 eliquisr
655 2904 856 2982 quopropter
879 2899 1046 2981 suspicati
1074 2905 1153 2965 suut
1179 2899 1321 2982 quidum

210 3005 309 3084 turpe
334 3001 472 3084 aliquod
492 2998 638 3081 Augusti
669 3007 834 3066 secretum
865 3021 949 3065 essu
978 2999 1105 3065 vidisse
1136 2999 1319 3066 ovidium:

211 3103 304 3186 quod
316 3121 382 3168 uon
397 3101 520 3185 placet,
534 3103 614 3186 quie
636 3102 738 3166 toties
758 3101 951 3183 objiciemlo
966 3102 1091 3179 scelus,
1105 3103 1324 3170 immitiorem

210 3204 409 3274 reddidisset
422 3204 602 3280 Cursorem,
618 3221 718 3286 qoem
732 3203 836 3266 lenire
846 3209 880 3267 et
891 3204 1028 3286 plasme
1042 3203 1209 3268 studebat.
1229 3267 1234 3274 ,
1246 3201 1321 3270 Alii

211 3325 304 3383 vero,
320 3306 411 3391 quod
425 3305 570 3388 Augusti
583 3304 688 3369 lilium
700 3305 765 3369 sub
787 3301 875 3369 sslso
890 3304 1044 3370 Curianus
1069 3305 1203 3370 nomine
1226 3325 1321 3372 smu-

211 3407 308 3486 verit,
330 3427 419 3492 quse,
446 3412 483 3471 ut
508 3406 642 3470 Plinius
662 3413 697 3472 et
719 3403 935 3491 Tranquiuus
967 3407 1128 3485 scribunt,
1162 3407 1322 3490 flagravit

211 3508 451 3575 adulteriorum
464 3507 615 3587 iufamia,
629 3513 664 3573 et
676 3508 834 3574 munem
845 3515 908 3574 est.
955 3507 1036 3586 Que
1047 3508 1089 3574 de
1103 3527 1138 3574 re
1153 3508 1204 3574 sio
1219 3509 1321 3574 Sido·

208 3610 421 3694 rriuspoiits:
838 3639 841 3644 ·

385 3711 430 3777 Et
439 3718 472 3778 te
483 3713 633 3777 cennius
646 3729 706 3795 per
717 3711 901 3777 libidinose

383 3812 525 3893 Notum,
540 3813 639 3879 Naso
653 3821 755 3893 tener,
771 3815 966 3898 Tomosque
978 3815 1133 3890 misum
1173 3879 1179 3889 ,

384 3913 564 3993 Quondam
578 3914 743 3981 Cursarem
757 3915 855 3980 nimis
871 3917 996 3999 puellm
1108 3925 1112 3934 ‘

384 4015 488 4082 Ftlso
501 4016 635 4081 nomine
647 4015 822 4082 subditum
833 4017 1002 4084 Codrum.

212 4113 314 4195 Quod
327 4135 395 4184 uon
410 4117 560 4186 videtur:
583 4119 667 4204 quie
681 4120 712 4185 si
736 4121 786 4186 ito
805 4127 907 4200 esset,
920 4120 1066 4204 pruritur
1079 4123 1114 4186 et
1126 4117 1268 4188 solenter
1281 4121 1320 4188 iu
