2856 4734
216 301 262 368 86
523 315 758 370 rusurrrorrrs
782 319 829 367 ar
849 319 1005 368 rumora

217 467 264 541 ut,
275 460 356 545 quid
366 459 552 544 magniviri
562 461 675 539 velint,
687 479 762 526 cum
777 460 898 526 mutari
910 459 1075 544 quosdam
1087 479 1190 544 posse
1203 460 1321 527 existi-

216 568 316 640 ment,
331 583 441 646 neque
453 559 534 646 ip'si,
544 562 611 628 nisi
621 561 732 641 fallor,
746 581 854 646 neque
869 581 934 627 uos
946 561 1182 644 intelligamus.
1220 561 1320 628 Non·

217 664 295 730 dum
309 667 398 730 euim
412 665 571 748 cuiquam
595 663 630 730 id
654 666 845 749 probarunt,
868 684 945 730 cum
967 666 1002 728 iu
1029 664 1128 728 simili
1151 664 1321 730 scribendi

216 787 331 850 genere
349 767 473 833 versati
496 771 583 832 suut.
627 767 720 831 Libri
744 767 913 845 Tristium‚
934 773 968 831 et
986 768 1044 851 qui
1064 767 1117 832 De
1132 766 1243 833 Ponto
1268 769 1320 832 in·

215 869 416 947 scribuntur,
439 887 505 951 quo
528 870 571 932 ab
597 870 685 932 omni
709 867 919 934 affectatione
938 865 1147 953 (quanquam
1172 869 1215 932 iis
1240 889 1319 935 cum

214 970 385 1054 plerisque
410 970 500 1033 illius
529 970 664 1053 scriptis
693 969 760 1033 hoc
787 987 962 1032 commune
989 971 1053 1046 est)
1081 969 1189 1051 magis
1217 969 1319 1034 alieni

215 1077 304 1148 sunt,
331 1091 372 1135 eo
396 1072 505 1153 magis
527 1072 750 1154 commendari
766 1071 931 1155 juventuti
956 1069 1088 1134 debent.
1132 1068 1177 1150 Et
1190 1071 1318 1154 ubique

215 1171 390 1249 latinitas,
405 1172 458 1235 vel
480 1174 563 1236 inter
575 1173 692 1256 prima.
725 1171 773 1235 Ut
799 1191 864 1234 uon
892 1179 1014 1235 temere
1043 1169 1209 1249 Muretus,
1236 1191 1318 1255 quo,

214 1278 297 1357 post
318 1273 432 1337 literas
466 1278 609 1350 renatas,
629 1321 634 1333 .
651 1292 749 1336 nemo
786 1273 858 1337 siue
893 1269 1098 1336 affectatione
1134 1271 1319 1354 elegantius

214 1374 359 1457 scripsit,
373 1373 552 1456 quendam,
575 1374 632 1458 qui
656 1373 784 1438 auctori
806 1377 899 1439 tento
921 1373 1007 1438 hanc
1023 1371 1219 1450 detraheret,
1241 1377 1319 1457 pro·

213 1473 295 1558 digii
308 1476 425 1553 instar,
438 1477 512 1540 oris
532 1480 566 1541 et
588 1475 744 1559 sulphure
758 1473 963 1539 lustrandum
989 1473 1166 1539 existimet.
1211 1473 1261 1538 Ut
1285 1483 1321 1542 et

214 1573 386 1658 Josephus
408 1576 567 1659 Scaliger.
610 1575 724 1641 Julius
744 1581 865 1653 autem,
881 1573 917 1638 in
931 1572 1123 1638 Rhetoricis
1136 1573 1213 1660 (qui
1227 1575 1321 1641 illius

213 1675 291 1740 libri
304 1695 382 1740 cum
396 1678 471 1742 eliis
486 1696 553 1742 uon
566 1677 686 1759 paucis
707 1677 884 1758 perienmt)
907 1683 1067 1759 tanquam
1081 1677 1269 1741 absolutum
1287 1683 1321 1744 et

212 1775 399 1859 perlectum
413 1777 506 1840 omui
519 1797 564 1840 ex
585 1783 681 1860 parte
695 1777 898 1860 exemplum,
921 1777 1046 1860 scripta
1060 1777 1136 1860 ejus
1150 1795 1320 1860 propone-

213 1876 284 1941 bat.
329 1876 449 1960 Neque
474 1882 597 1942 temere
624 1877 693 1940 alia
717 1876 915 1942 auctoritate
940 1896 1016 1959 quae
1045 1877 1197 1955 docebat,
1225 1877 1320 1960 quod

213 1995 280 2040 nou
294 1978 399 2042 semel
412 1997 456 2042 en
470 1977 584 2042 divino
609 1976 685 2060 ejus
700 1978 761 2042 viri
789 1976 861 2042 filio
884 1977 1001 2042 audire
1021 1977 1167 2055 memini,
1191 1977 1321 2061 ubique

213 2077 438 2144 confirmabat.
498 2078 565 2143 Sed
593 2083 710 2142 natura
734 2074 810 2160 ejus
836 2071 912 2156 viri}
948 2077 1085 2155 candor,
1120 2079 1321 2160 ingenuitas,

213 2179 388 2259 velocitas,
405 2199 481 2264 ques
506 2181 541 2243 in
568 2178 813 2244 narrationibus
828 2178 1042 2261 potissimum
1067 2179 1189 2258 elucet,
1217 2197 1323 2263 supra

213 2283 326 2344 votum
341 2285 402 2346 est.
445 2279 642 2346 Proximum
653 2283 707 2344 cst
720 2297 808 2361 crgo,
820 2285 910 2345 recte
925 2279 967 2344 de
982 2281 1025 2345 iis
1034 2280 1201 2365 judicare.

379 2457 546 2538 ,Bauius
561 2456 605 2522 ad
625 2456 763 2542 Papinii
777 2456 837 2523 lib.
858 2473 898 2520 rr.
920 2455 1003 2522 Silv.
1021 2472 1070 2522 ιν.
1090 2455 1145 2522 19.

258 2587 345 2652 Rem
365 2589 576 2654 nitidissimis
605 2591 725 2666 verbis,
756 2594 789 2653 et
821 2589 919 2672 plane
949 2587 1106 2674 Calliope
1136 2592 1322 2658 cantabice

215 2689 339 2773 dignis,
355 2695 468 2756 namet
486 2689 630 2756 Ovidius
644 2692 703 2756 lib.
719 2709 752 2754 v.
769 2691 907 2756 Metam.

525 2862 583 2929 Ad
611 2865 669 2930 lib.
693 2882 751 2929 111.
776 2866 859 2932 Silr.
886 2883 927 2930 rr.
946 2865 1002 2932 38.

258 2994 436 3074 Quomodo
462 2994 637 3062 Anthedon
659 2999 800 3064 formam
821 2999 1000 3084 perdiderit
1026 3003 1126 3068 nimis
1154 3003 1322 3088 eleganter

213 3102 247 3163 et
261 3096 399 3162 Politice
414 3096 576 3164 describit
591 3097 747 3166 Ovidius.

483 3271 540 3337 Ad
561 3274 619 3340 lib.
643 3291 703 3339 rrr.
730 3275 815 3340 Silv.
846 3293 896 3338 rv.
918 3277 975 3342 40.
994 3278 1049 3341 41.

259 3403 415 3470 Narcissi
430 3405 578 3470 fabulam
594 3427 689 3489 paeue
700 3409 789 3473 ultra
801 3409 978 3476 humanum
994 3411 1161 3495 ingenium
1177 3416 1321 3484 comiter

214 3511 249 3571 et
261 3510 397 3571 venuste
410 3505 570 3572 describit
585 3507 741 3574 Ovidius.

556 3678 613 3745 Ad
634 3683 692 3750 lib.
716 3700 741 3748 1.
765 3685 870 3750 Theb.
893 3685 970 3750 15⁰.
1017 3731 1020 3740 ·

258 3813 374 3878 Nimia
395 3814 608 3896 properantia
639 3833 732 3898 saepe
756 3824 879 3898 peccat
903 3816 1058 3895 Ovidius,
1080 3837 1180 3903 quem
1205 3823 1317 3885 temen

215 3914 411 3980 contestatio
433 3914 569 3997 propria
590 3917 873 3983 excusabiliorem
893 3918 987 3997 lacit,
1003 3919 1159 4005 deopere
1174 3939 1196 3984 a
1214 3920 1318 3987 busto

214 4015 558 4099 velutactorisrapto.
