2856 4734
407 338 457 388 nn
481 334 668 389 novicio
691 335 854 386 uiscus.
1136 313 1182 390 88

74 501 207 549 munnm
219 481 340 549 tollere
354 480 398 546 de
414 479 547 559 nbula,
572 478 726 565 et(quod
741 480 811 544 tum
825 475 925 556 lalso,
941 493 1043 560 quum
1064 476 1180 544 immo-

73 585 147 664 rito,
164 582 292 651 ovidio
305 583 476 668 objectum
488 577 587 667 clim)
599 599 771 665 nunquam
785 579 851 645 scit
863 577 1026 660 deslnme,
1038 582 1100 647 &c

552 747 698 813 Ibidem.

128 889 213 954 Hoc
226 891 264 952 ut
284 905 352 952 non
364 884 532 952 mediocre
545 883 663 948 vitium
677 887 730 946 cst
751 881 786 945 in
809 879 917 946 nitido
938 879 1110 965 scriptore,
1124 879 1175 948 ita

74 991 147 1074 pmi
161 993 240 1055 sunt
260 991 304 1054 nb
327 990 393 1055 huc
414 987 492 1052 labe
511 986 627 1064 (nimia
650 983 828 1048 eorundem
844 1001 966 1048 vocum
988 981 1181 1068 iteratione)

74 1092 243 1176 principes
258 1089 387 1170 Podtre,
398 1088 565 1172 Virgilius
578 1091 614 1153 et
627 1084 783 1152 Ovidius.

291 1257 387 1324 mem
407 1257 442 1322 n
454 1245 557 1321 muro
572 1269 630 1320 ιιι.
646 1209 820 1333 roscen,
833 1273 869 1338 p.
882 1253 959 1321 aer.

129 1394 173 1460 In
197 1392 352 1458 omnibns
380 1390 464 1456 illud
485 1390 521 1456 in
544 1388 661 1473 primis
685 1387 872 1454 cavendum
897 1394 961 1466 est,
993 1407 1036 1452 ne
1061 1387 1178 1474 inepte

73 1495 255 1572 decurras,
280 1495 347 1560 nisi
373 1493 480 1558 libros
506 1509 689 1575 componas
713 1507 788 1554 eam
813 1489 859 1553 ad
883 1507 953 1554 rem
974 1487 1177 1558 destinatos:

42 1607 46 1614 '
73 1597 352 1682 quemadmodum
366 1594 511 1662 Ovidius
525 1593 608 1658 iecit
620 1593 656 1658 in
669 1592 763 1658 libris
776 1589 1134 1672 Transiormationum,
1147 1598 1181 1659 ct
1226 1631 1235 1644 ι

76 1699 245 1766 Lucanus.

346 1859 522 1926 Victorius
544 1859 602 1924 lib.
623 1856 794 1924 x11.Var.
814 1878 846 1924 c.
867 1859 899 1924 5.

114 1995 274 2074 Ovidius,
300 2001 338 2060 nt
365 1993 510 2061 oratione
540 2013 582 2060 ac
604 1993 775 2074 versibus,
801 1993 852 2058 ita
878 1993 957 2077 vitu¹
972 1999 1005 2060 ct
1032 1997 1179 2063 moribus

74 2107 264 2165 enervatus.

301 2273 547 2328 cournnnrro
571 2280 728 2329 ursunnr
754 2279 800 2329 nr
823 2281 960 2343 nvrnu,

205 2395 261 2461 Ex
274 2395 443 2462 elementis
459 2397 651 2465 Rhetoricae
665 2397 835 2464 Joachimi
849 2395 1045 2468 camerarii.
1102 2463 1110 2472 .

35 2619 38 2624 Ι
117 2537 299 2602 Drcnnrus
332 2534 430 2601 etde
456 2536 621 2602 leviorum
648 2534 769 2600 artium
798 2532 923 2614 cnidio,
955 2541 993 2600 ut
1024 2535 1181 2604 Ciceroni

70 2641 198 2725 placet,
208 2643 244 2703 et
257 2657 301 2703 cx
319 2638 380 2704 illo
392 2639 522 2704 nobiles
543 2637 665 2723 politas
678 2637 766 2702 dnos
780 2637 884 2701 veluti
899 2637 934 2702 in
945 2638 1092 2705 medinm
1103 2660 1181 2726 pro·

70 2741 248 2820 ducamus,
263 2739 436 2804 'libullum
461 2746 563 2822 utque
577 2735 757 2804 Ovidium:
785 2743 961 2824 utrumque
981 2743 1124 2821 mollem,
1139 2762 1181 2810 ac

69 2849 233 2918 tenerum,
247 2846 284 2904 ct
301 2839 452 2905 facilem:
475 2840 535 2924 qui
558 2840 657 2904 ambo
676 2844 710 2902 et
730 2857 861 2905 amores
885 2842 1043 2921 cecinere,
1063 2849 1095 2908 et
1109 2864 1181 2910 ver-

69 2942 194 3010 siculis
208 2941 285 3005 illos
299 2929 472 3019 inclusere,
492 2941 591 3024 quasi
614 2940 794 3005 remissior
815 2942 983 3008 solutioris
1003 2943 1182 3028 cujusdam

69 3043 177 3122 modi,
192 3059 278 3126 quos
293 3039 473 3123 Elegiucos
492 3044 624 3106 vocant.
670 3040 724 3105 De
737 3041 790 3104 his
805 3041 887 3107 inter
901 3047 1026 3108 veteres
1045 3050 1181 3109 conten·

70 3147 120 3212 tio
140 3146 219 3222 ruit,
242 3149 317 3208 uter
330 3143 428 3209 alleri
451 3142 677 3227 praeferendus
690 3139 868 3208 videretur.
914 3141 987 3226 Ego
1003 3163 1084 3210 vcro
1097 3165 1181 3231 quo-

71 3248 136 3312 ties
164 3245 292 3310 Tibulli
321 3245 469 3310 carmina
495 3242 582 3325 lego,
612 3242 696 3306 nihil
724 3242 867 3326 amplius
901 3247 1044 3330 requiro,
1069 3267 1181 3331 neque

70 3347 277 3424 venustatis,
297 3365 405 3429 neque
418 3344 613 3427 elegantiae:
636 3343 822 3408 doctrinam
836 3349 948 3410 autem
973 3353 1009 3410 et
1022 3349 1181 3415 eruditio·

68 3469 147 3514 nem
162 3447 317 3512 admiror.
360 3445 481 3510 omnia
496 3451 565 3510 arto
591 3443 769 3527 studioque
791 3464 920 3511 summo
943 3447 1079 3513 climata
1101 3451 1181 3516 mihi

69 3550 239 3617 ridentur.
282 3547 405 3631 Itaque
432 3545 467 3610 in
493 3547 642 3612 maxima
670 3545 841 3624 facilitate,
870 3547 930 3613 illa
958 3556 1069 3614 tamen
1096 3572 1182 3619 cura

68 3649 312 3716 elaborationis
347 3654 381 3713 et
414 3646 594 3732 diligentiae
632 3649 846 3734 conspicitur.
890 3649 1006 3715 Verba
1039 3655 1180 3737 optimu,

69 3751 246 3817 sententiae
258 3749 453 3834 exquisitae,
468 3749 669 3833 compositio
683 3749 846 3827 omnibus,
861 3756 899 3815 ut
913 3753 1018 3832 aiunl,
1033 3753 1180 3819 numeris
1200 3801 1208 3814 .

69 3853 234 3938 perlecta.
278 3850 334 3916 Ex
356 3870 425 3934 quo
449 3871 588 3916 neccsse
611 3859 661 3916 est
681 3851 746 3916 hoc
771 3860 1006 3938 consequatur,
1032 3857 1181 3920 carmina

68 3962 111 4019 ut
125 3955 197 4018 sint
210 3957 244 4018 et
258 3971 392 4030 canora,
415 3959 449 4018 et
471 3951 658 4037 splendido,
682 3961 716 4019 ct
730 3955 906 4019 concinna.
949 3955 1043 4034 Quid
1068 3961 1181 4020 autem

69 4058 108 4122 in
130 4053 271 4134 Ouidio,
294 4073 414 4140 quaere
437 4055 514 4121 laus
544 4055 691 4120 eminetl
748 4056 898 4122 Primum
934 4057 1056 4139 ingenii
1090 4061 1181 4122 tanta

69 4159 138 4238 ris,
169 4175 211 4220 ac
240 4161 308 4221 tam
333 4157 438 4240 agiles
468 4165 604 4243 tamque
636 4159 759 4223 celeres
794 4165 916 4236 motus,
951 4164 1020 4223 tum
1047 4163 1181 4244 promto

144 4272 270 4340 caune
285 4273 421 4325 recu..
600 4273 673 4324 our.
1093 4275 1116 4326 c
