2782 4728
234 261 300 332 176
600 281 631 333 n.
655 283 774 334 ovrou
800 283 965 334 uisurus

235 439 314 506 Heu
328 439 450 506 devota
463 441 601 507 domus!
624 444 707 508 solio
722 444 815 510 sedet
828 435 954 526 Agrios
970 445 1059 510 altor

276 543 388 607 OEnea
402 543 569 608 desertum
582 545 675 610 nuda
689 555 825 612 senecta
838 547 969 631 premit.

242 644 368 716 Exulat
380 645 503 728 ignotis
515 645 654 729 Tydeus
666 667 843 731 germanus
857 650 889 711 in
903 647 986 712 oris:

278 745 373 811 Alter
386 745 484 812 fatali
498 748 595 813 vivus
606 749 639 812 in
654 749 730 829 igne
743 747 815 814 suin

235 845 360 928 Exegit
375 847 494 911 serrum
510 863 573 912 sua
586 868 646 931 per
660 851 845 931 praecordia
859 855 977 918 mater.

277 947 389 1032 Impia
402 950 483 1033 quid
497 950 629 1015 dubitas
645 949 803 1017 Deianira
817 945 926 1017 morit

234 1040 407 1134 Deprecor
421 1052 483 1115 hoc
496 1071 611 1129 unum,
625 1073 687 1136 per
697 1054 776 1136 jura
789 1055 966 1119 sacerrima
978 1049 1081 1132 lecti,r

278 1150 333 1217 Ne
346 1152 464 1217 videar
477 1152 555 1217 fatis
568 1154 727 1220 insidiata
738 1157 818 1221 tuis.
1271 1149 1329 1222 100

234 1252 378 1334 Nessus,
394 1259 431 1319 ut
444 1258 495 1317 est
508 1255 644 1319 avidum
655 1275 832 1340 percussus
847 1258 1005 1322 emndinc
1019 1263 1148 1342 pectus,

278 1353 471 1434 illedixit,
488 1355 578 1420 vires
593 1357 731 1439 sanguis
746 1359 871 1422 amoris
886 1358 997 1424 habeti

236 1557 318 1608 durrus
328 1556 436 1617 insciis!
461 1551 554 1618 Agrius
569 1553 655 1619 premit
666 1553 748 1604 solium
759 1555 887 1604 excederit:
903 1561 996 1606 cerreta
1017 1555 1196 1620 spoliaturum
1210 1555 1291 1608 lErree
1300 1559 1333 1608 de·

236 1627 353 1672 stitutum.
377 1621 555 1686 l'pderusrater
562 1620 677 1684 profugus
687 1621 744 1668 lutet
755 1620 780 1668 in
792 1621 846 1668 orde
858 1623 985 1680 incognito.
1018 1623 1089 1671 Alter
1099 1621 1221 1680 rirursru't
1234 1621 1260 1670 in
1272 1625 1331 1683 igne.

152 1716 155 1730 2
237 1687 319 1735 Mater
329 1687 452 1750 tranfisn
461 1701 505 1734 ana
523 1686 611 1734 uiscera
627 1683 716 1744 gludio.
753 1684 827 1746 Impia
847 1685 972 1748 Deiuniro,
990 1685 1137 1748 quamodrem
1155 1685 1242 1762 differe
1258 1682 1332 1736 nori?

115 1750 119 1758 '
238 1751 292 1800 Hoc
301 1765 374 1800 naara
380 1750 488 1815 praeitur
498 1737 605 1810 audatior,
614 1747 719 1810 perjura
730 1749 888 1796 sacratissima
901 1749 962 1804 tari‚·
980 1765 1008 1797 ne
1018 1752 1101 1798 credar
1111 1755 1227 1799 strum
1235 1751 1332 1800 insidias

203 1861 205 1864 .
225 1815 294 1872 Jatie
303 1815 360 1864 teir.
393 1815 492 1875 Nereus,
501 1818 622 1878 postpruun
629 1811 682 1872 fuit
694 1813 828 1860 uulneratus
837 1816 918 1876 petar
926 1813 1035 1878 rapidum
1043 1815 1142 1877 sagitta,
1151 1815 1199 1864 Hie
1209 1829 1291 1878 cruor,
1302 1817 1333 1862 lr-

237 2059 476 2124 πει-15801110
496 2059 679 2124 legituracrr'or
698 2063 761 2110 ulto:
779 2061 809 2109 P.
823 2063 916 2121 σιτίου
933 2061 1001 2113 unde
1013 2063 1103 2113 Heius.
1118 2063 1220 2112 emend.
1240 2061 1335 2125 Agrios,

237 2135 265 2176 et
275 2128 312 2176 sle
324 2127 374 2178 Gn.
386 2131 567 2177 omnen-154
585 2125 627 2176 ΑΙ.
637 2127 900 2186 longumrete-155
915 2127 971 2176 Pro
988 2128 1077 2190 ignotis
1094 2127 1186 2177 Heius.
1207 2129 1266 2176 uult
1287 2128 1335 2176 laa-

236 2191 386 2241 rtir's.—ltd
403 2191 480 2240 Latet
489 2189 617 2240 mendum.
636 2191 689 2239 Me.
708 2191 791 2239 missus
812 2192 837 2239 iu
856 2192 910 2253 igue
922 2192 992 2250 suit:
1010 2207 1051 2252 un,
1062 2193 1163 2240 cirasia
1180 2193 1236 2252 igne
1256 2186 1334 2255 periti

238 2255 328 2306 Helue.
347 2254 487 2315 Tottetfait
500 2255 569 2317 conj.
587 2255 728 2303 Francius:
747 2255 781 2303 D.
793 2255 893 2304 rirusr'rr
904 2256 959 2316 igue
970 2257 1121 2369 {lain-ltili
1139 2256 1210 2304 Fatis
1226 2266 1333 2320 quattuor

237 2319 329 2370 Heius.
340 2327 368 2370 et
379 2319 430 2370 Gn.
442 2323 468 2369 8.
478 2317 531 2370 Alii
541 2319 660 2383 thalamis,
668 2318 760 2390 utGu.
771 2323 796 2368 2.
808 2320 859 2370 Gu.
872 2325 893 2370 1.
903 2335 961 2370 curu
999 2355 1004 2371 .
1015 2329 1042 2371 et
1056 2323 1089 2371 al.
1100 2321 1186 2370 titulis.
1198 2319 1242 2370 Al.
1253 2319 1335 2370 maru

730 2476 840 2534 NOTAE

237 2613 334 2662 oraculi
350 2613 459 2676 monitu,
476 2619 625 2664 constructa
641 2621 682 2664 est
694 2629 768 2678 pyra)
807 2615 923 2678 projecto
941 2613 966 2662 in
986 2613 1108 2676 ignens
1123 2617 1206 2662 matre
1224 2609 1333 2669 Althaea,

238 2689 263 2736 iu
275 2695 349 2753 quoru
362 2688 483 2738 Herculis
495 2689 623 2754 ascendit,
633 2697 661 2740 et
672 2697 767 2739 urorta·
806 2689 880 2739 letali
904 2690 1004 2753 stipite,
1023 2703 1130 2753 quocum
1149 2688 1232 2752 ipsius
1263 2691 1334 2736 ritant

236 2763 337 2814 litatem
350 2763 463 2828 reliquit.
806 2766 898 2814 Parcae
911 2765 1104 2827 colligaverant,
1120 2763 1247 2814 intestino
1266 2761 1333 2812 simul

269 2845 316 2890 110
333 2839 438 2905 Siquid]
465 2838 566 2902 idest,
585 2839 612 2890 si
633 2839 766 2905 quiddig·
806 2842 865 2906 igue
877 2851 1037 2890 consumtum
1050 2840 1139 2889 Podtn
1151 2840 1299 2889 rolrrernnt.

236 2933 297 2968 nrrru
309 2917 386 2968 lande
397 2924 523 2980 superest.
840 2921 885 2967 151
904 2915 1007 2978 Exrglt]
1030 2917 1091 2964 Sere
1108 2915 1163 2977 ipra
1180 2915 1335 2977 gladiatore·

269 2999 313 3045 151
327 2993 465 3056 Cognosces]
475 2992 551 3054 Quia,
562 2990 628 3041 sicut
641 2997 678 3052 tu,
689 3004 766 3053 prop·
807 2993 917 3042 nitentia
937 2990 1067 3042 interlecti
1086 2990 1142 3050 filii,
1155 2992 1206 3050 uel,
1227 2999 1256 3040 ut
1276 2991 1333 3040 Dio·

236 3078 276 3122 ter
288 3070 437 3121 Atalantam
455 3069 599 3132 conjugem,
615 3081 674 3130 ego,
690 3081 767 3130 prop·
807 3070 885 3119 dorus
896 3068 997 3127 scribit,
1008 3068 1099 3130 laqueo
1111 3065 1234 3129 pereruit.

237 3155 277 3198 ter
290 3145 443 3205 Herculem,
454 3153 562 3194 mortem
574 3149 705 3207 oppetam.
840 3151 886 3196 150
903 3143 1033 3207 Deprecer]
1057 3141 1082 3192 Α
1098 3157 1140 3191 rue
1157 3149 1261 3206 averto,
1271 3137 1333 3207 quod

269 3226 316 3271 152
333 3220 423 3284 impia]
447 3222 544 3268 Versus
555 3207 719 3268 intercalaris
728 3217 766 3266 dl·
805 3220 897 3272 iecisse
909 3235 941 3271 ne
952 3218 1103 3270 credideris.

236 3296 315 3358 citur,
326 3297 369 3360 qrri
381 3309 450 3357 repre
463 3294 646 3364 interponitur.
839 3301 886 3346 roo
903 3295 983 3358 Fatis]
1008 3295 1120 3343 ltlortern
1139 3291 1186 3340 uti
1198 3293 1335 3344 intentasse

269 3376 316 3422 155
333 3370 437 3432 Deoota]
466 3371 552 3420 Exitio
563 3361 700 3418 destinata.
806 3387 838 3421 ne
851 3371 946 3421 uidear.
979 3370 1031 3420 Atii
1052 3369 1147 3418 habeut
1166 3370 1280 3420 thalassio
1286 3386 1295 3426 ,·
1310 3371 1334 3416 11

268 3447 368 3510 Agrios]
391 3449 484 3497 Frater
494 3446 581 3507 (Eruci,
593 3445 637 3508 qul
648 3451 709 3508 peel
720 3444 765 3491 lut·
806 3448 840 3496 rit
849 3461 948 3508 seusun,
957 3445 1110 3495 Deianiram
1121 3458 1174 3492 non
1184 3457 1217 3494 eo
1228 3445 1335 3492 tonicam

231 3523 277 3587 jus
288 3522 439 3585 dissipatam
452 3523 554 3572 dourruu
569 3535 675 3584 regnum
694 3520 765 3568 inru-
806 3523 916 3583 misisse,
926 3529 955 3571 ut
966 3521 1085 3586 pellicem
1095 3533 1214 3569 unacum
1223 3519 1334 3569 Hercule

235 3597 287 3659 rit3
304 3597 371 3662 quod
383 3611 450 3648 nuno
461 3596 541 3648 deflet
551 3597 685 3646 Deianira.
807 3600 922 3648 tolieret.

268 3677 315 3722 151
334 3671 424 3734 OEnea]
440 3671 743 3724 AcerrsstirusGraecus.
840 3679 883 3724 161
902 3671 1021 3734 Avidum]
1054 3670 1141 3722 Nimio
1163 3684 1252 3720 amore
1275 3671 1337 3720 iata·

268 3747 767 3812 1550111111]Ηίε,ρ11111,011,ιι1
806 3765 875 3800 uum.
955 3799 957 3806 ,

233 3825 355 3890 Hyginus
377 3825 477 3887 scribit,
501 3824 583 3874 fratre
614 3825 766 3888 Menalippa
840 3822 1071 3888 Percussuprctur]
1098 3822 1322 3874 Phrasistlraeca

233 3900 384 3962 interiecto,
401 3899 434 3948 ad
453 3900 610 3963 Argiuorum
628 3914 715 3963 regern
731 3899 767 3950 Α·
839 3899 974 3962 Arcadiae]
989 3900 1099 3962 Sagitta.
1254 3943 1259 3951 .

233 3977 350 4028 drssturn
373 3976 498 4041 profugit,
517 3978 591 4041 cujus
610 3973 687 4025 liliam
704 3975 766 4024 Dei·
840 3982 888 4026 101
908 3976 987 4038 Vires]
1019 3975 1051 4025 Id
1071 3981 1120 4036 eat,
1139 3974 1182 4025 Ad
1203 3973 1334 4024 amandam

234 4051 322 4115 plrilen
334 4067 441 4101 uxorem
455 4053 539 4102 duxit.
806 4059 893 4116 potest
925 4051 1067 4114 impellere.
1113 4051 1223 4101 Ovidius
1254 4051 1336 4099 Meta·

267 4131 315 4177 151
330 4129 413 4192 Alter]
447 4129 583 4193 Meleager
609 4132 661 4189 est,
680 4141 765 4194 quern,
804 4129 905 4192 morph.
916 4139 956 4178 rx.
967 4128 976 4156 ‘
988 4128 1069 4178 Velut
1079 4127 1214 4178 irritamen
1225 4121 1336 4208 amoris?
