2856 4734
593 339 699 389 VITA.

183 479 262 546 Nun
275 497 355 565 eger
365 481 422 546 hic
435 497 584 564 pomum,
598 497 667 546 non
680 479 799 546 dulces
812 479 935 546 educet
947 481 1050 548 uvas:

226 580 306 647 Non
320 579 445 646 salices
458 582 546 664 ripe,
562 583 685 647 robore
697 587 811 648 mente
822 583 944 649 virent.

181 680 281 748 Neve
294 681 416 748 frenum
429 681 548 746 laudes
563 688 650 747 terre
662 685 791 766 magis3
815 703 953 768 sequere
966 703 1099 770 semper

224 783 411 850 Ventorum
424 784 517 849 rabie
531 779 661 850 solibus
676 787 760 850 orba
774 791 908 852 tument.

182 884 578 972 Quocumqne'espicius,
596 888 708 973 campi
724 889 852 954 cultore
866 893 1027 967 carentes,

224 986 411 1072 Vastaque,
427 996 504 1072 qnue
519 1007 618 1053 nemu
629 989 789 1067 vindicet,
804 1008 886 1054 arva
895 988 1021 1072 jacent.

181 1087 307 1154 Hostis
322 1088 552 1170 edestdextre
563 1089 718 1174 laevuqne
732 1109 754 1154 a
766 1093 861 1174 perte
875 1088 1052 1170 timendus,

225 1189 421 1274 Vicinuque
434 1197 525 1256 metu
539 1197 639 1256 terret
649 1196 827 1276 utrumque
841 1191 942 1258 latus.

181 1291 301 1358 Altera
314 1293 484 1378 Bistonias
498 1311 578 1375 pers
592 1298 647 1357 est
661 1311 806 1358 sensura
820 1293 974 1375 sagittus,

226 1393 344 1460 Altera
357 1394 545 1460 Sarmatica
560 1395 692 1480 spicula
705 1393 810 1459 missa
822 1413 934 1459 menn.

98 1495 158 1560 Sui
184 1500 296 1561 entem
320 1495 416 1560 exilii
430 1494 519 1559 dues
541 1493 648 1560 fuisse
670 1496 719 1558 sit
743 1498 884 1559 censes:
908 1513 1048 1579 querum
1063 1495 1202 1563 alierum

97 1596 222 1681 ubique
246 1596 382 1676 tutetur,
409 1597 548 1662 alterurn
572 1615 703 1680 semper
728 1596 917 1681 supprimit.
961 1594 1023 1660 Ait
1045 1598 1132 1664 enim
1159 1615 1201 1664 11.

98 1696 151 1762 De
164 1697 270 1764 Trist.
1259 1725 1260 1728 ¹

182 1799 394 1866 Perdiderint
406 1820 481 1866 eum
495 1821 548 1866 me
561 1801 629 1868 duo
642 1801 793 1881 crimine,
809 1821 951 1881 carmen,
965 1809 1001 1868 et
1014 1821 1121 1884 error;

226 1900 375 1967 Alterius
387 1903 469 1968 iacti
483 1904 587 1989 culpe
600 1904 731 1969 silenda
743 1905 901 1970 mihiest.

96 2003 259 2088 Persaepe
283 2003 383 2084 igitur
413 2012 449 2068 et
472 2004 575 2069 libros
609 2005 662 2070 De
686 2002 770 2070 Arte
792 2002 939 2069 Amandi
968 2003 1203 2086 composuisse

96 2104 196 2182 delet,
208 2104 299 2188 qnod
313 2113 493 2189 propterea
503 2103 661 2188 Augusto
675 2103 756 2170 odio
771 2123 847 2170 esse
860 2105 1014 2188 eoeperit,
1029 2110 1063 2169 et
1076 2103 1202 2188 aliquid

95 2206 224 2271 vidisse
238 2225 300 2290 per
314 2225 470 2283 errorem,
497 2211 536 2272 nt
548 2206 593 2270 ob
608 2206 644 2270 id
670 2207 706 2270 in
719 2204 893 2290 Scythium
907 2204 1202 2288 relegatusfnerit,

97 2306 225 2372 offenso
240 2304 396 2372 Caesare:
418 2307 467 2372 ait
481 2309 569 2374 enim
582 2309 617 2373 in
631 2325 673 2372 11.
688 2308 742 2373 De
757 2308 867 2374 Ponto
883 2306 967 2388 eleg.
982 2307 1017 2372 94

183 2407 282 2474 Neve
293 2407 388 2492 roges
401 2429 479 2494 qnae
493 2411 554 2475 sit:
569 2410 707 2475 stultam
719 2429 821 2494 quem
831 2407 1031 2491 scripsimus
1043 2412 1158 2486 artem,

226 2510 396 2576 Innocens
409 2513 506 2576 nobis
519 2510 595 2576 haee
605 2516 702 2576 uetat
715 2529 794 2574 esse*
802 2527 932 2574 manus.

183 2611 320 2696 chuid
332 2619 495 2698 preterea
508 2613 688 2695 peccarim,
703 2613 853 2696 quaerere
865 2611 954 2675 noli:

228 2713 276 2779 Ut
289 2719 405 2799 petent
418 2713 494 2779 soie
508 2714 611 2796 culpa
625 2714 688 2779 sub
703 2719 773 2780 erte
783 2731 872 2778 mee.

95 2816 143 2884 nt
155 2815 260 2900 punio
273 2815 411 2882 inferius
424 2815 507 2898 eleg.
521 2816 575 2880 10.

183 2915 284 2981 Naso
298 2935 416 3000 perum
430 2916 578 2998 prudens
593 2921 698 2980 artem
710 2915 790 2982 dum
805 2917 922 2982 scribit
936 2916 1083 2996 amandi,

227 3017 398 3084 Doctrinae
410 3017 552 3101 pretium
565 3017 662 3082 triste
678 3019 833 3100 magister
845 3019 956 3100 habet.

94 3119 141 3185 Et
154 3120 190 3185 in
207 3135 264 3184 ιιι.
281 3115 325 3184 ed
339 3117 498 3184 Amorem
512 3119 594 3202 eleg.
609 3119 643 3184 3.

157 3219 160 3228 ’
185 3221 263 3288 Nee
277 3219 361 3287 setis
375 3222 441 3287 hoe
455 3221 576 3300 inerat,
592 3221 714 3286 stultns
728 3241 864 3306 queque
880 3223 1027 3288 carmine
1039 3222 1116 3303 feei,

228 3317 372 3387 Artibus
386 3328 423 3389 ut
436 3340 556 3406 posses
571 3341 636 3386 non
650 3321 743 3386 rudis
758 3343 835 3387 esse
849 3324 944 3389 meis.

184 3424 257 3490 Pro
269 3425 392 3508 quibus
406 3424 545 3489 exilium
559 3422 681 3488 misero
695 3424 777 3488 mihi
790 3424 922 3490 redditu
936 3444 1075 3504 merces,

228 3523 271 3590 ld
286 3543 421 3610 queque
435 3527 470 3590 in
485 3527 646 3590 extremis
661 3531 697 3589 et
710 3525 784 3590 sine
799 3546 883 3609 pace
896 3527 996 3592 locis.

96 3629 139 3696 In
152 3625 273 3693 endem
287 3628 337 3693 sic
351 3626 511 3692 Amorem
526 3627 594 3692 sibi
607 3626 861 3711 respondentem
875 3628 1004 3694 inducit
1014 3629 1206 3694 insomnis:

184 3725 300 3811 thue
312 3728 389 3807 hoc,
404 3729 455 3794 sic
469 3728 595 3794 utinum
610 3727 788 3792 defendere
803 3728 913 3793 cetere
926 3749 1065 3812 posses:

229 3829 309 3895 Seis
320 3829 424 3908 aliud,
440 3830 533 3912 qnod
547 3830 731 3907 teiaeserit,
746 3848 822 3894 esse
837 3833 957 3914 magis.

93 3931 194 3998 Etin
211 3931 643 4015 iv·ed0erum'epist.13'.
1031 3951 1035 3960 ·

183 4031 252 4099 Ille
267 4032 403 4117 quidem
416 4034 504 4098 dixit
515 4054 531 4114 ;·
547 4033 610 4099 sed
620 4033 769 4119 mejam,
784 4033 882 4113 Cure,
896 4031 1001 4101 niveli

206 4154 211 4164 ¹
229 4133 335 4200 Sexte
347 4133 523 4218 mlegunm
535 4137 655 4202 bruma
663 4138 733 4202 'sub
747 4137 812 4202 axe
825 4135 929 4204 videt.

161 4249 438 4318 marmora.
617 4252 691 4306 οιιι.
1117 4253 1140 4303 n
