2856 4734
204 265 231 339 θ
652 278 862 332 rasrarro.

206 423 324 492 l'oiitae
339 422 533 492 obtendunt.
577 419 705 488 Verum
721 422 992 509 quotusquisque·
1000 423 1051 490 lta
1065 429 1118 490 est
1131 423 1267 506 beatus,
1282 431 1323 492 at

205 527 258 596 illi
281 527 476 612 hujusmodi
499 525 620 594 vitium
646 525 867 592 obtrudaturl
926 525 1025 605 Quos
1048 526 1166 592 debuit
1187 527 1323 594 fructus

206 630 266 696 illa
294 635 378 698 actas
395 629 551 714 protulit:
582 630 756 714 magisque
780 635 909 696 naturae
939 647 1042 713 quam
1074 627 1192 696 Poeta
1220 629 1322 696 laudi

208 733 444 798 obtrectaverit
466 731 525 815 qui
546 733 760 797 morosiorem
779 752 817 796 se
852 732 916 798 bac
940 733 976 798 in
996 739 1091 817 parte
1118 734 1321 817 praebuerit.

205 832 320 899 Vocas
342 833 487 918 denique
508 833 694 911 nonnullas,
709 833 833 917 quibus
855 833 990 898 licenter
1014 833 1115 898 nimis
1136 834 1172 898 iu
1194 835 1320 899 carmi·

209 935 310 1000 nibus
323 953 408 1000 usus
422 937 477 1013 sit,
493 934 772 1020 reprehenderunt
792 935 872 1000 olim
894 935 995 1000 otiam
1020 935 1095 1021 ejus
1111 935 1223 1000 aurici.
1268 933 1321 1000 At

205 1041 401 1102 cunctanter
431 1036 632 1119 arguendum
658 1056 734 1102 esse
753 1056 798 1102 ex
822 1056 864 1101 eo
892 1037 1027 1102 abunde
1050 1040 1195 1112 constat,
1220 1035 1315 1119 quod

206 1135 284 1202 data
305 1157 409 1222 opera
430 1139 482 1202 vir
503 1139 539 1202 iu
561 1138 636 1202 aliis
657 1157 725 1204 nou
748 1138 874 1220 ingenii
904 1138 1005 1204 modo
1027 1136 1227 1214 acutissimi,
1251 1135 1317 1202 sed

205 1237 436 1304 delicatissimi
456 1237 589 1325 judicii,
603 1240 653 1305 ita
678 1240 868 1304 faciendum
883 1239 1073 1306 crediderit.
1117 1238 1218 1318 Quod
1241 1240 1319 1324 qui·

205 1338 280 1416 dem
295 1359 340 1406 ex
356 1339 480 1426 jocosa
495 1359 573 1406 cum
587 1341 705 1406 amicis
719 1341 960 1407 contestatione
974 1341 1119 1427 quadam
1132 1339 1314 1406 manifeste

205 1447 356 1528 apparet.
400 1441 556 1528 Rogatus
581 1441 671 1508 enim
695 1443 878 1529 aliquando
901 1444 945 1509 ab
969 1444 1035 1523 bis,
1059 1451 1098 1508 ut
1124 1448 1202 1521 tres,
1226 1459 1316 1527 quos

205 1543 341 1624 reflant,
351 1565 397 1610 ex
408 1565 568 1610 versuum
583 1545 692 1629 ipsius
706 1565 841 1612 numero
853 1547 1023 1627 tollerent;
1038 1565 1114 1611 cum
1127 1543 1186 1610 illa
1199 1563 1317 1610 asseu-

206 1644 330 1726 tiretur,
344 1645 445 1711 modo
459 1654 496 1711 ut
519 1647 585 1711 sibi
610 1649 735 1733 pariter
759 1649 899 1714 totidem
920 1649 1075 1734 excipere
1097 1645 1317 1712 concederent

205 1742 239 1810 iu
253 1748 471 1830 quibusnihil
494 1749 561 1813 illis
574 1749 699 1827 liceret,
714 1749 813 1816 iidem
836 1752 872 1816 in
889 1753 1037 1836 utrisque
1052 1747 1217 1815 codicillis
1236 1753 1315 1814 sunt

209 1847 345 1929 inventi,
361 1869 446 1934 quos
470 1852 543 1936 ipse
564 1853 728 1930 retineret,
754 1854 897 1920 illinere
923 1835 1126 1918 damnarent.
1172 1849 1317 1916 Dicebat

211 1948 354 2032 interim,
369 1958 404 2017 et
418 1953 590 2036 aptissime
615 1960 649 2019 et
671 1954 907 2035 festivissime,¹
922 1955 1142 2021 decentiorem
1168 1971 1244 2018 eam
1264 1951 1316 2017 fa-

209 2054 297 2119 ciem
319 2073 395 2120 esse
415 2055 450 2118 in
474 2073 542 2139 qua
563 2049 685 2122 naerus
708 2059 831 2142 aliquis
845 2066 944 2126 esset.
987 2057 1114 2124 Verum
1133 2055 1316 2134 enimuero,

208 2173 267 2220 cur
280 2155 314 2220 iu
325 2154 546 2240 istisoperam
560 2162 712 2222 nostram
722 2159 846 2224 frustm
861 2159 1089 2225 conterimus‘t
1124 2155 1315 2224 Dolendum

207 2259 316 2341 magis
338 2263 391 2323 est
413 2258 504 2343 quod
531 2262 807 2343 praestantissima
834 2261 989 2346 quaedam
1014 2279 1117 2345 opera
1141 2259 1214 2344 ejus
1244 2257 1316 2326 fato

206 2361 322 2445 iniquo
336 2361 511 2444 perierunt,
528 2361 706 2430 Fastorum
726 2372 811 2450 puta
826 2383 889 2430 sex
908 2363 984 2429 libri
1007 2361 1223 2448 posteriores,
1239 2359 1316 2424 Me·

207 2462 274 2528 dea
285 2462 463 2545 tragoedia,
477 2462 587 2528 Fabio
601 2471 704 2549 atque
717 2467 841 2532 Tacito
861 2466 1004 2549 aliisque
1019 2464 1197 2548 plurimum
1223 2480 1315 2534 com·

206 2565 373 2643 mandata,
403 2563 657 2646 Epigrammata
689 2570 804 2648 edam,
840 2568 1027 2653 dequibus
1053 2565 1249 2633 Priscianus
1277 2569 1315 2628 et

208 2663 385 2732 Martialis.
428 2664 594 2732 Libellum
622 2688 755 2754 quoque
778 2671 822 2735 da
853 2668 1087 2735 Phaenomenis
1117 2666 1311 2750 scripserat,

207 2768 256 2834 uti
267 2785 311 2832 ex
323 2767 491 2832 Lactantii
505 2773 539 2832 et
553 2767 656 2834 Probi
668 2772 829 2836 sententia
838 2771 959 2854 liquet:
982 2768 1127 2852 itemque
1141 2767 1262 2834 librum
1277 2765 1313 2832 in

206 2869 316 2936 malos
332 2866 471 2946 Pastas,
486 2875 524 2934 ut
535 2889 579 2934 ex
595 2869 704 2936 Fabio
718 2870 904 2954 colligitur:
926 2869 1084 2937 nonnulla
1097 2861 1314 2951 insupeer

208 2969 333 3049 ticinia,
347 2989 424 3056 quaa
438 2969 524 3035 libro
536 2990 606 3036 uno
621 2979 697 3037 arat
710 2973 918 3058 complexus.
964 2971 1057 3052 Quin
1070 2977 1104 3036 et
1117 2971 1232 3052 lingua
1246 2966 1313 3034 Ga·

207 3067 273 3142 tica
287 3069 489 3154 triumphum
507 3069 651 3156 Augusti
666 3071 824 3153 casatis,
848 3080 882 3139 et
903 3072 945 3138 de
959 3075 1062 3157 gestis
1084 3070 1310 3156 Imperatoris,

209 3161 370 3240 ediderat.
414 3172 518 3239 Plura
533 3175 601 3240 alia
615 3172 724 3240 adbuc
744 3173 929 3260 deperdita,
945 3179 1066 3260 prater
1080 3172 1203 3238 bellum
1216 3168 1313 3238 Aeu-
1403 3222 1404 3236 ,

209 3293 319 3351 acum,
331 3275 423 3358 quod
444 3274 487 3340 ad
502 3274 615 3342 'liban
638 3274 810 3344 Gaesarem
825 3275 955 3342 duobus
969 3276 1063 3342 libris
1076 3273 1312 3342 inchoaverat:

204 3371 561 3459 'exquibusomnibus

250 3477 339 3542 'l’um
353 3496 489 3562 quoque
502 3499 579 3545 cum
594 3479 732 3566 frigeret,
747 3481 902 3568 quaedam
916 3481 1083 3567 placitura
1096 3478 1268 3558 cremavit,

337 3577 448 3645 Iratus
459 3582 584 3664 studio,
600 3585 866 3670 carminibusque
879 3585 969 3651 suis:

207 3680 414 3766 aliquidem
439 3683 533 3748 illum
558 3685 670 3770 ipsum
696 3685 908 3752 confitentem
940 3684 1130 3751 babuimus.
1175 3681 1309 3754 Illorum

158 3873 164 3881 ¹
206 3791 316 3849 autem
330 3783 407 3850 loco
417 3785 523 3854 multa
533 3786 620 3852 t'also
634 3787 811 3867 attributa3
833 3787 1001 3872 inquibus
1015 3783 1149 3849 Carruca
1163 3781 1309 3874 Panegy-

206 3883 304 3948 ricum
328 3883 373 3949 ud
394 3877 551 3968 Pisonem,
571 3883 762 3966 Philomela,
789 3883 909 3967 Pulsa,
933 3888 1048 3972 Nugm
1081 3886 1176 3952 libris
1202 3888 1308 3954 tribus

208 3983 260 4050 De
282 3983 403 4068 Vetula,
437 3989 620 4075 inquibus
647 3989 878 4074 ineptissimus
911 3993 1043 4070 auctor,
1073 3989 1184 4054 miuus
1210 3989 1308 4056 etiam

207 4087 369 4162 Ovidium
389 4091 543 4177 msemns,
560 4111 661 4187 quam
683 4092 783 4166 simia
802 4093 980 4173 homiuem,
1005 4111 1075 4160 non
1103 4091 1200 4166 aliter
1221 4089 1307 4158 illum
