2856 4734
622 309 725 359 Vl'l'A·
853 307 856 314 '

213 455 299 521 Ense
310 452 509 538 pudicarum
521 443 667 518 Vestam
682 459 730 531 ts,
746 435 855 532 Ir'iuia,
869 456 1036 518 matrumz

111 577 116 588 ·
254 557 458 639 Ambiguum
470 560 549 620 nato
559 555 701 638 dignior,
715 575 800 622 anne
813 555 899 624 viro.

211 657 295 724 mse
307 656 395 722 duos
403 657 544 741 juvenes
557 658 650 722 firmo
663 657 858 742 adjumento
869 655 1032 742 parentis,
1050 727 1053 734 Ι

257 759 326 840 Qui
340 760 489 826 dederint
504 760 603 824 animi
620 760 756 844 pignora
770 767 860 825 certa
875 762 940 825 sui.

210 861 302 926 Haeo
315 863 374 926 ubi
389 881 455 926 non
469 862 579 946 patrio
591 861 718 945 perlegi
731 861 858 946 scripta
873 859 1050 938 Camoens,

253 961 356 1028 Venit
370 968 403 1028 et
415 962 459 1026 ad
473 963 595 1044 digitos
609 962 725 1027 ultima
735 963 849 1027 oborto
861 980 978 1043 moos3

208 1062 254 1129 Et
264 1070 366 1148 capnt
378 1071 413 1129 et
426 1065 547 1149 pimus
563 1083 677 1130 omnes
690 1085 825 1130 mouere
840 1063 1024 1148 pharetras,

252 1164 297 1230 Et
310 1167 447 1250 longum
459 1165 582 1233 Getico
597 1185 742 1232 murmur
756 1166 792 1230 in
806 1185 863 1230 ore
877 1165 950 1229 luit.

207 1264 322 1352 Atque
338 1269 471 1351 aliquis,
488 1268 624 1332 Scribas
636 1268 711 1333 haee
727 1287 804 1333 oum
818 1267 859 1332 de
875 1265 1025 1346 Caesare,
1040 1265 1140 1344 dixit,

256 1367 405 1435 (laesaris
420 1369 560 1451 imperio
574 1368 799 1434 restituendus
812 1387 900 1432 eras.

123 1458 178 1536 lle
193 1470 354 1560 Piscibus
368 1489 454 1556 opus
477 1489 544 1534 non
568 1470 728 1556 perfecit:
752 1470 793 1534 de
817 1471 944 1560 quibus
966 1473 1088 1555 posteo
1101 1468 1232 1554 Oppia·

121 1593 198 1651 nus,
211 1572 371 1638 Ovidium
385 1574 546 1650 imitatus,
564 1571 686 1638 Graece
702 1572 839 1657 scripsit
853 1572 896 1636 ad
908 1569 1113 1636 Antoninum
1127 1571 1233 1656 impe·

121 1678 280 1740 retorem.
336 1674 463 1738 Extant
497 1678 663 1758 praeterea
698 1653 823 1738 multa’
839 1673 1002 1757 opuscula
1036 1672 1099 1738 sub
1133 1671 1232 1756 hujus

122 1771 236 1858 poiitae
251 1774 394 1853 nomine,
409 1781 446 1840 ut
460 1775 502 1839 ds
518 1755 616 1840 Nuce
632 1781 667 1841 st
681 1774 907 1842 Medicomine
921 1774 1021 1841 faciei
1035 1792 1076 1837 ao
1091 1773 1230 1851 aurium,

122 1880 166 1944 do
181 1879 314 1957 Pulice,
330 1879 372 1945 de
387 1881 524 1955 Somno,
539 1877 582 1942 de
597 1876 739 1958 Guonlo,
759 1877 803 1942 de
817 1876 959 1955 Aurora,
974 1875 1017 1941 de
1032 1874 1231 1952 Philomela,

123 1979 166 2045 do
190 1979 340 2059 Limnce,
362 1981 404 2046 do
425 1959 564 2060 vitula,
586 1980 630 2045 de
652 1979 807 2059 Quatuor
827 1979 1036 2055 humoribus,
1061 1975 1103 2040 do
1134 1975 1232 2042 Ludo

121 2081 400 2148 latrunculorum:
423 2100 502 2166 qnae
525 2083 649 2160 omniu,
675 2088 896 2166 praeterquam
923 2081 965 2146 do
993 2079 1091 2146 Nuce
1124 2084 1157 2142 et
1170 2079 1173 2088 '
1188 2077 1232 2143 do

123 2181 351 2248 Modicamino
364 2181 476 2261 footel,
498 2203 578 2266 quaa
598 2183 745 2250 fortusse
769 2203 852 2266 puer
873 2182 1077 2266 composuit,
1090 2179 1233 2248 ridiculo

123 2289 211 2363 sunt,
225 2301 287 2350 neo
302 2284 415 2369 digna,
429 2291 468 2350 ut
480 2284 596 2350 divino
612 2283 765 2348 Nasonis
779 2283 921 2367 ingenio,
934 2303 1001 2348 non
1008 2282 1146 2365 invenis
1159 2299 1231 2345 mo-

123 2385 181 2464 do,
196 2386 314 2465 virise,
329 2387 391 2451 sed
404 2407 445 2450 no
458 2386 552 2472 pueri
568 2384 717 2471 quidem,
731 2385 960 2449 attribuantur.
1023 2464 1027 2472 ‚

169 2487 364 2572 Dosperens
375 2485 507 2554 taudem
518 2488 562 2554 ad
573 2484 700 2552 Urbem
710 2487 852 2552 reditum
863 2487 1037 2571 impetrare
1048 2485 1229 2562 aCaesare,

123 2590 178 2655 sie
192 2589 237 2655 ad
251 2609 392 2656 uxorem
406 2587 510 2657 Trist.
525 2605 583 2655 ιιι.
598 2589 684 2674 eleg
696 2589 730 2655 3.
745 2589 899 2672 scripsitz

214 2690 306 2757 Ossa
319 2698 431 2758 tamen
445 2693 547 2758 facito
562 2709 668 2776 porra
678 2689 862 2756 reserantur
876 2691 910 2755 in
924 2709 1027 2755 urna:

256 2794 315 2860 Sie
325 2793 583 2879 ogononotiam
598 2798 748 2858 mortuns
762 2793 928 2859 exulero.
1220 2835 1224 2842 ‚

211 2893 293 2962 Nou
307 2901 396 2962 votat
408 2897 472 2961 hoe
484 2896 678 2980 quisquam:
701 2893 836 2958 trabem
846 2893 1009 2959 Thebana
1025 2895 1209 2977 peremtum

254 2999 443 3084 Supposuit
455 2998 582 3064 tumulo
596 3015 675 3080 rege
688 3003 820 3064 remoto
834 3013 940 3063 soror.

213 3099 325 3186 Atque
342 3123 384 3168 ea
397 3121 473 3167 oum
487 3099 590 3179 loliis,
604 3104 638 3164 st
651 3099 775 3164 amomi
788 3098 925 3182 pulvera
939 3099 1057 3175 misce,

257 3204 370 3288 Atque
384 3203 575 3269 suburbano
590 3199 730 3266 condita
744 3198 948 3282 orodeso103
1022 3274 1026 3282 ‚

212 3304 376 3390 Quosque
386 3307 477 3389 legat
489 3323 608 3370 vorans
622 3305 722 3368 oenlo
736 3305 935 3387 properante
949 3301 1070 3381 viator,

254 3405 492 3472 Grundibusin
505 3405 626 3473 tumuli
639 3423 805 3470 marmore
820 3401 915 3470 caedo
927 3405 1036 3471 nobs:

213 3507 291 3574 llio
309 3525 380 3574 noo
396 3525 462 3587 our
477 3523 595 3574 saeuo
610 3521 852 3572 nnssnonuu
871 3521 995 3572 nosen
1014 3521 1194 3586 a‘rroaurr,

258 3610 422 3680 lnonnro
440 3627 543 3676 sunu
559 3607 667 3676 Naso
684 3625 804 3676 rosus
822 3623 913 3673 uno.

214 3711 263 3780 At
276 3714 336 3778 tibi
350 3714 409 3798 qui
424 3715 554 3792 bannis,
566 3733 636 3778 non
649 3715 695 3779 sit
707 3730 817 3796 gravo,
831 3712 986 3796 quisquis
999 3713 1131 3790 nutasti,

256 3813 392 3893 Dioere,
404 3815 553 3880 Nasonis
567 3815 707 3880 molliter
721 3833 803 3878 ossa
817 3814 952 3878 cubent.

125 3915 259 3983 Missus
271 3921 378 3980 autem
392 3915 456 3980 luit
470 3917 505 3980 in
518 3915 656 3980 exilium
672 3933 763 3980 anno
775 3917 907 4000 imperii
922 3914 1067 3998 Augusti
1081 3913 1230 3984 secundo
1328 3935 1335 3948 ·

122 4026 158 4086 ot
169 4017 458 4102 quinquagesimo,
472 4017 527 4082 vel
541 4015 687 4084 circitor:
710 4018 827 4103 quinto
840 4021 952 4084 autem
966 4015 1093 4081 Tiberii
1113 4015 1230 4084 Tomis
