2856 4734
361 903 496 982 ALIA
528 901 770 982 NASONIS
801 905 949 996 VITA,
1006 837 1008 842 Ι

452 1203 506 1270 Ec
524 1203 635 1272 Codice
652 1206 854 1276 Fur-neriano.

143 1452 183 1520 Ρ.
199 1453 366 1521 ovinius
391 1455 498 1522 Nuso
525 1457 676 1540 Peliguis
692 1464 794 1522 nutus
815 1477 856 1522 eu
879 1477 968 1523 auno
992 1477 1059 1542 quo
1076 1458 1207 1526 Hirtius

99 1563 133 1622 et
158 1556 275 1622 Pansa
303 1557 403 1624 Coss.
430 1561 465 1623 in
494 1557 679 1623 Mutinensi
702 1558 790 1623 bello
816 1559 983 1642 perierunt
1007 1560 1117 1641 simul,
1135 1579 1205 1644 quo

99 1661 209 1746 coepit
231 1659 467 1726 triumviratus.
513 1659 663 1725 Fratrem
684 1661 801 1725 habuit
824 1662 955 1725 nomine
970 1661 1114 1726 Lucium
1126 1667 1208 1726 nutu

97 1761 273 1845 majorem,
288 1760 478 1826 defunctum
493 1764 660 1827 tamenin
682 1762 826 1828 minimis
850 1763 958 1828 annis.
1001 1763 1122 1830 anae
1143 1763 1208 1828 sub

96 1861 213 1929 Plotio
228 1862 360 1946 Grippo
372 1863 478 1928 literis
501 1883 639 1947 operum
660 1863 764 1929 dedit:
787 1882 809 1927 a
823 1862 979 1930 Cornelio
993 1863 1096 1928 Gallu
1110 1863 1208 1928 ditis·

96 1965 183 2029 simo
206 1971 244 2029 et
264 1964 461 2030 doctissimo
483 1965 569 2043 ciue,
606 1971 640 2030 et
672 1984 694 2029 a
716 1963 766 2029 M.
787 1963 940 2030 Varrone
969 1965 1075 2030 multu
1104 1965 1207 2049 cepit.

97 2065 399 2132 Familiarissimus
426 2065 490 2130 suit
516 2063 602 2129 Julii
626 2064 753 2148 Hygini
776 2063 1007 2132 Grammatici.
1054 2067 1209 2134 Paternis

95 2167 242 2236 stimulis
253 2167 326 2232 iuro
337 2165 545 2249 aliquamdiu
556 2165 725 2231 incubuit:
739 2164 828 2230 unde
839 2166 1031 2254 plerumque
1041 2167 1209 2252 judicium

97 2269 225 2336 dixerit
237 2269 323 2334 inter
338 2275 472 2332 centum
486 2268 588 2332 viros.
632 2266 717 2334 Post
738 2268 887 2350 parentis
911 2277 1048 2335 mortem
1066 2269 1109 2334 ud
1127 2269 1209 2352 μοδ-

96 2373 186 2439 tinen
199 2372 330 2452 integer
344 2368 455 2458 rediit,
469 2367 673 2452 scripsitque
685 2367 793 2432 libros
807 2366 892 2432 duos
906 2367 1093 2434 Humidum
1108 2369 1209 2456 Epis·

92 2476 259 2542 ¹tulurum:
281 2471 358 2536 iude
368 2491 447 2565 cum
461 2471 511 2536 M.
524 2469 677 2536 Varrone
691 2467 809 2534 Asiam
824 2468 941 2552 petiit3
964 2471 1027 2534 sub
1042 2489 1110 2553 quo
1122 2471 1209 2534 mili·

96 2577 203 2644 tavit:
225 2594 334 2660 neque
348 2575 442 2658 prius
455 2574 520 2640 huc
536 2592 572 2638 se
587 2571 738 2650 cuntulit,
763 2589 864 2656 quum
887 2569 1110 2655 peritissimus
1134 2571 1208 2639 lite-

96 2699 210 2748 rarum
230 2676 429 2743 Graecarum
452 2675 544 2741 toret.
589 2673 734 2758 Scripsit
759 2671 837 2738 inde
858 2672 1019 2756 epistulas
1042 2671 1209 2757 quasdam

97 2783 143 2848 ad
156 2778 288 2848 Tiberii
303 2777 405 2842 filiam
418 2777 481 2842 sub
493 2775 581 2842 iulso
595 2777 726 2841 nomine
748 2794 790 2842 uc
804 2773 885 2839 fictu
899 2771 1050 2838 Gurinnae
1066 2774 1209 2858 inscrip-

97 2893 165 2960 tas,
173 2899 254 2966 qum
269 2883 403 2964 propter
416 2878 543 2945 crimen
556 2879 649 2944 lausus
664 2875 853 2962 majestatis
868 2873 1055 2942 combustas
1065 2873 1208 2942 suerunt.

98 2985 187 3054 Inde
200 2987 234 3048 et
244 2979 384 3048 exilium
397 2979 526 3046 muniit.
