2856 4734
609 327 711 379 vrrs.
1166 315 1212 380 19

104 467 252 552 Augusti
275 469 485 554 rmjestateur
508 469 701 556 deliquisset
719 471 876 550 Ouidius,
902 491 980 552 nou,
1016 479 1054 540 ut
1082 477 1210 562 ubique

104 571 177 654 ipse
200 571 326 649 scribit,
349 591 409 655 per
433 589 589 649 errorem,
616 578 649 636 et
673 575 859 638 inscienter.
903 573 1083 655 Praeterea,
1108 597 1210 663 quam

106 671 185 736 ficto
207 673 341 736 nomine
356 671 536 738 Corinnam
556 675 749 758 appellavit,
773 678 916 760 potitum
942 697 980 742 se
1003 683 1153 758 testatur,
1175 682 1212 746 in

106 772 291 838 Amoribus
304 774 365 838 lib.
379 791 403 838 1.
416 775 501 857 eleg.
514 775 694 844 adicem:

194 874 333 956 Singula
348 875 430 960 quid
445 877 609 944 ruerant
632 879 679 944 nil
692 899 760 946 non
773 879 941 945 laudabile
956 881 1038 961 vidi,

238 975 283 1042 Et
296 976 420 1043 nudam
433 981 542 1062 pressi
556 997 680 1064 corpus
695 980 738 1044 ad
752 1001 860 1064 usque
871 1001 993 1048 meum.

195 1079 317 1145 Cetera
329 1082 407 1166 quio
420 1083 548 1148 uescitt
570 1082 652 1146 lassi
666 1083 889 1166 requievimus
902 1085 1013 1149 ambo.

238 1181 443 1248 Proveniant
456 1183 558 1249 medii
572 1186 622 1249 sic
636 1184 717 1249 mini
733 1203 825 1270 saepe
840 1183 932 1250 dies!

108 1283 225 1364 Quare
248 1285 278 1348 si
299 1305 340 1349 ca
363 1287 417 1350 vei
440 1285 522 1363 titia,
537 1285 592 1352 vel
615 1288 739 1370 neptis,
763 1289 817 1352 vel
840 1287 963 1352 ancilla
985 1286 1143 1364 Coesaris,
1161 1287 1214 1352 vei

107 1405 331 1472 quaecumque
353 1387 419 1451 alia
433 1387 531 1452 fuerit
553 1389 603 1453 sic
627 1388 676 1452 iili
698 1407 787 1467 cara,
806 1394 846 1453 ut
866 1397 1041 1472 propterea
1054 1388 1213 1453 Ovidium

108 1489 326 1571 relegaverit3
347 1507 415 1552 nou
440 1509 542 1566 error,
566 1489 626 1553 sed
649 1490 760 1553 scelus
784 1488 922 1568 iuisset;
945 1507 1010 1552 non
1030 1490 1216 1555 insciuevi·

108 1589 217 1655 disset
232 1591 366 1667 crimen,
378 1589 437 1654 sed
453 1590 561 1654 sciens
574 1589 718 1655 iecisset.
763 1587 873 1666 Addo,
886 1590 979 1674 quod
992 1591 1026 1658 iu
1037 1609 1111 1656 eum
1126 1609 1217 1656 erro-

106 1713 177 1758 rem
189 1691 306 1758 incidit
313 1694 386 1776 jam
397 1711 522 1757 senex:
546 1691 723 1757 Corinnam
738 1711 816 1758 vero
825 1692 961 1777 juranis
977 1692 1114 1758 amavit
1158 1692 1217 1760 Sic

108 1796 196 1862 enim
211 1794 254 1858 de
267 1811 304 1858 se
318 1795 394 1878 ipso
407 1811 457 1861 ιν.
473 1795 527 1860 De
537 1795 642 1860 Trist.
654 1795 739 1876 eleg.
750 1795 804 1861 1⁰.

198 1895 355 1961 Carmina
369 1915 444 1962 curn
459 1898 586 1980 populo
600 1897 743 1980 primum
753 1893 920 1980 juvenilia
932 1895 1010 1974 suci,

244 1997 358 2062 Barba
370 2003 498 2064 resecta
512 1999 593 2062 mihi
606 1999 701 2064 bisve
714 1997 863 2063 semelve
874 1998 948 2063 suit.

198 2097 357 2165 Moverat
370 2100 535 2182 ingenium
551 2106 656 2165 totam
670 2105 805 2165 cantata
818 2119 882 2183 per
894 2101 1010 2166 urbem

245 2201 391 2267 Nomine
403 2221 472 2267 non
482 2220 565 2268 rero
578 2201 668 2266 dicta
681 2199 826 2266 Corirrna
839 2201 932 2266 mihi.

111 2303 190 2370 Nec
205 2309 290 2388 puto
305 2304 360 2369 hic
376 2323 463 2382 eam,
476 2287 573 2386 quasi
589 2303 748 2385 gaudeus,
762 2305 974 2381 nominasset,
990 2305 1019 2368 si
1034 2305 1106 2389 ejus
1121 2303 1221 2367 mise-

110 2407 173 2471 riae
188 2412 222 2470 et
236 2405 331 2470 exiiii
351 2421 456 2470 carrea
472 2401 601 2469 inisset.
646 2401 853 2466 Credendum
882 2411 973 2467 certe
998 2411 1059 2482 em,
1091 2401 1220 2486 aliquid

111 2510 158 2574 ab
173 2505 300 2572 Ouidio
310 2525 369 2602 per
382 2523 524 2571 errorem
538 2503 663 2581 risum,
675 2504 921 2588 cognitumque,
937 2511 974 2569 nt
985 2512 1162 2590 propterea
1176 2503 1223 2566 ab

111 2609 243 2676 offano
257 2609 410 2692 Augusto
423 2605 595 2672 sub‘Artis
610 2605 783 2670 amatoriae
799 2607 901 2688 culpa
913 2605 1039 2672 Tomos
1052 2605 1221 2688 relegatus

111 2714 178 2780 sit:
203 2711 262 2776 sed
278 2712 436 2795 quidnam
460 2709 543 2774 iliud
566 2709 674 2786 fuerit,
698 2723 774 2772 cum
794 2711 872 2774 sciri
892 2710 966 2791 ipse
988 2709 1140 2785 noluerit,
1165 2725 1223 2769 ue·

113 2819 300 2902 quicquam
314 2813 506 2897 quaerimus,
518 2809 705 2894 praesertim
720 2829 806 2886 cunr,
822 2829 864 2874 ne
885 2813 1066 2892 quaeratur,
1082 2809 1132 2871 sic
1146 2808 1222 2890 ipse

115 2921 251 2984 'ubeatr
672 2931 675 2940 “

107 2945 124 3008 J
206 3019 338 3104 Ecquid
352 3022 517 3103 praeterea
531 3015 713 3100 peccarim,
730 3033 877 3098 quaerere
891 3012 973 3090 noli,

249 3120 298 3186 Ut
312 3125 425 3205 pateat
439 3119 513 3184 sola
526 3117 628 3204 culpa
638 3117 702 3180 sub
717 3120 786 3180 arte
798 3133 885 3180 mea.

117 3228 276 3297 Exulans
288 3231 400 3290 antem
414 3223 450 3286 in
463 3221 551 3285 locis
571 3217 776 3302 asperrimis,
794 3223 831 3280 et
854 3214 1114 3299 perinhumanis,
1133 3230 1225 3294 saepo

114 3337 156 3397 ut
170 3331 294 3394 saltem
315 3326 349 3388 in
364 3323 525 3388 mitiorem
540 3322 649 3385 iocum
674 3317 880 3399 relegaretur,
895 3315 1011 3400 petiit:
1034 3333 1225 3399 quanquam

115 3433 172 3498 vel
188 3431 320 3495 veniam
335 3427 586 3510 impetraturum
602 3439 639 3485 se
654 3419 698 3485 ab
712 3417 915 3513 Imperatore
929 3417 1098 3501 sperabat.
1133 3415 1226 3494 Qua·

114 3538 269 3622 propter,
283 3550 324 3594 eo
338 3533 478 3604 mortuo,
494 3526 529 3589 in
545 3541 596 3587 ιιι.
611 3523 665 3588 De
681 3522 794 3586 Ponto
808 3521 890 3602 eleg.
905 3520 937 3584 6.
954 3521 1004 3584 sic
1016 3519 1125 3584 dolet:

207 3633 368 3717 Coeperat
381 3627 554 3711 Augustus
569 3625 721 3708 deceptae
736 3625 907 3705 ignoscere
920 3621 1054 3704 cuipce;
1145 3689 1151 3700 ,

254 3734 357 3818 Spem
371 3731 532 3807 nostram,
543 3735 648 3792 terras
663 3724 873 3808 deseruitque
887 3723 998 3788 simul.

208 3833 320 3917 Quale
330 3839 439 3899 tamon
454 3833 563 3915 potui,
576 3829 618 3895 dc
633 3829 761 3905 coelite,
777 3827 892 3905 Brute,
907 3825 1032 3890 recenti

251 3931 375 4002 Vestra
387 3935 504 4019 procul
516 3932 651 4020 positus
666 3949 799 3995 carmon
813 3929 848 3992 iu
863 3945 922 3992 ora
935 3925 1025 3991 dedi.
1069 3941 1072 3948 ·

210 4037 300 4121 Quae
315 4038 426 4122 prosit
439 4037 552 4120 pictas
566 4033 692 4098 utinam
707 4030 800 4106 mihi,
813 4029 923 4112 sitque
938 4026 1100 4090 malorum

253 4140 277 4207 J
279 4161 333 4206 om
346 4139 478 4218 modus,
492 4141 526 4203 et
538 4153 644 4203 sacrae
662 4133 771 4199 mitior
785 4131 835 4196 iro
849 4129 985 4194 domos!
