2856 4734
436 337 485 386 nn
508 337 542 386 r.
564 335 697 385 ovrnro
720 333 884 385 nascar.
1165 317 1210 387 8⁷

537 477 628 546 Ibid.
638 501 690 546 vs.
702 479 780 548 219.

144 611 290 680 Ovidius
311 612 593 697 ingeniosissimus
607 612 800 693 Poetarum,
822 619 933 713 tamon
955 631 1031 679 raro
1053 612 1208 679 cautissi-

100 735 188 782 mus.

524 833 580 916 Ad
594 835 654 900 lib.
678 852 717 900 ιι.
733 835 790 902 92.

143 965 236 1030 Sane
273 985 336 1049 ego
357 965 534 1032 Valerium
571 967 734 1034 Flaccum
762 965 988 1052 Argonautica
1010 966 1208 1033 scribentem

96 1067 209 1150 legere
227 1069 331 1147 inalo,
347 1087 450 1153 quam
466 1070 522 1134 vel
536 1068 698 1136 Ovidium
713 1071 767 1134 vel
789 1069 980 1155 Papinium,
994 1087 1137 1150 quorum
1151 1069 1208 1134 ille

94 1175 233 1234 tenuem
254 1172 425 1237 materiam
438 1173 582 1238 lascivia
601 1172 718 1257 ntique
736 1173 900 1240 violasset
921 1175 981 1236 aut
1000 1169 1207 1252 depndicas·

95 1277 159 1348 set,
174 1273 231 1337 bic
244 1273 527 1357 magniloquentia
541 1270 768 1340 contrivisset.

532 1448 623 1515 Ibid.
637 1468 689 1514 vs.
703 1447 779 1516 212.

139 1579 258 1646 Famae
295 1581 415 1648 domus
449 1583 711 1667 descriptionem
747 1579 1048 1665 ingeniosissimum
1073 1579 1207 1665 (Meas

95 1682 229 1766 morpb.
244 1682 303 1750 lib.
324 1680 415 1768 xrr.)
436 1703 505 1767 qua
525 1685 708 1750 acutiorem
729 1689 764 1749 et
783 1684 1004 1754 venustiorem
1026 1683 1118 1748 nulla
1136 1697 1206 1768 ope

93 1783 250 1850 bumanae
272 1787 390 1852 mentis
413 1785 672 1868 excogitaveris.

520 1959 611 2025 Ibid.
634 1979 685 2027 vs.
708 1960 784 2026 172.

138 2091 232 2157 Mira
253 2093 419 2160 suavitate
450 2099 486 2160 et
518 2095 684 2162 celeritate
705 2095 908 2172 inimitabili,
934 2093 992 2178 qni
1013 2097 1064 2158 est
1085 2093 1204 2176 genius

94 2192 452 2280 Nasonianus,sabula
465 2195 648 2279 reponitur.
692 2194 830 2261 Videat
850 2195 894 2260 ad
914 2195 974 2260 lib.
990 2212 1046 2260 ιιι.
1060 2195 1138 2261 290.

421 2368 519 2437 Idem
534 2370 578 2436 ad
590 2371 650 2438 lib.
666 2388 721 2437 ιιι.
737 2391 788 2438 rs.
803 2371 879 2438 192.

138 2501 183 2568 In
204 2464 338 2567 ltliobes
359 2503 642 2588 magniloquentia
663 2523 833 2588 poenaque
854 2503 1089 2583 describendis,
1112 2504 1204 2590 seip-

91 2624 170 2670 sum
191 2604 275 2670 vicit
295 2603 451 2683 Ovidius,
473 2625 572 2688 quem
593 2605 748 2688 suspicor
773 2624 841 2670 non
861 2625 973 2692 panca
993 2625 1036 2671 ex
1052 2605 1204 2691 Tragicis

91 2707 267 2786 smnsisse,
278 2705 379 2772 bodie
393 2725 458 2772 non
472 2707 674 2783 extantibus,
685 2725 808 2790 magna
820 2727 899 2774 curn
911 2715 1029 2774 nostra
1042 2707 1203 2777 dolentia.

503 2880 560 2947 Ad
571 2881 632 2950 lib.
649 2900 700 2948 ιν.
713 2881 791 2948 756.

100 3091 106 3104 ,
137 3015 285 3082 Librarii
314 3036 384 3082 uon
413 3018 523 3083 solnm
544 3019 756 3102 tautologiam
776 3017 928 3084 focerunt
949 3014 1120 3092 Ovidium,
1142 3013 1203 3079 sed

89 3117 280 3202 majoribus
302 3117 400 3185 dictis
421 3120 537 3204 inepte
557 3122 687 3186 minora
707 3121 849 3186 subdere
862 3120 1013 3185 lecerunt
1026 3115 1203 3194 Ovidium,

90 3219 235 3286 Potum
249 3221 492 3301 cautissimum,
507 3228 543 3286 et
556 3222 624 3290 alia
636 3221 748 3289 omnia
762 3220 876 3307 potius
889 3237 992 3304 quarn
1005 3215 1201 3302 tautologiae

89 3327 208 3388 notam
229 3322 395 3389 meritum.

483 3415 486 3420 ’
507 3424 566 3492 Ad
585 3427 644 3492 lib.
666 3443 702 3493 v.
716 3424 794 3492 967.

136 3555 274 3642 Virgilii
295 3559 453 3644 grantati
482 3560 514 3626 si
547 3559 741 3627 facilitatem
766 3557 881 3625 Ovidii
906 3553 1203 3639 incomparabilem

89 3661 338 3745 composueris,
359 3663 538 3729 miraberis
558 3662 903 3746 ingeniosissimorum
923 3659 1090 3725 bominum
1108 3653 1202 3720 diffe-

85 3761 243 3827 rentiam.
287 3764 453 3850 Papinius
468 3765 512 3832 ed
525 3765 690 3831 eosnibil.

525 3931 613 3998 Ibid.
635 3947 669 3994 v.
690 3930 768 3998 tel.

136 4061 230 4143 0¹¹ae
247 4062 409 4130 divinitus
423 4065 515 4132 dicta
538 4071 626 4148 sunt,
645 4085 708 4132 nec
724 4086 790 4156 ope
810 4063 912 4134 ullius
925 4058 1049 4148 ingenii
1061 4057 1201 4126 bumnni
1233 4043 1237 4052 ’
1285 4105 1288 4110 .

86 4163 164 4230 fleri
175 4173 317 4251 possunt
326 4170 570 4255 praestantiora.
