2856 4734
188 363 190 370 ,
215 291 262 357 24
584 303 761 356 norrun
787 301 950 354 srsorrrs

216 449 310 535 apud
323 448 430 516 Getas
448 448 537 516 diem
549 448 643 516 obiit.
687 448 742 514 Ex
769 468 835 532 quo
850 446 1027 530 colligitur,
1041 445 1321 513 exulasse-amos

217 559 296 618 octo
321 558 354 617 et
372 571 504 618 menses
529 551 670 634 miquot.
713 549 889 636 sepultum
911 549 1012 613 etiam
1032 548 1134 633 juxta
1156 546 1320 633 oppidum

216 656 345 724 Tomos
359 656 459 738 tradit
472 654 652 722 Eusebius.

391 1522 395 1536 ·
418 1494 464 1572 P.
491 1494 688 1573 OVIDII·
706 1494 949 1574 NASONIS
973 1495 1118 1586 VITA,

200 1719 273 1789 ''Er
286 1736 404 1792 vetusto
418 1725 517 1793 codice
535 1726 702 1816 Pomponii
717 1723 809 1808 Lati,
837 1729 924 1815 caq'os
944 1727 1159 1817 apographum
1179 1736 1268 1793 catat
1290 1729 1323 1792 in

552 1935 554 1940 ,
584 1861 617 1927 V
613 1864 738 1928 aticarra
758 1861 959 1928 Bibliotheca.

262 2078 303 2144 P.
328 2081 494 2145 0v1orus
519 2080 627 2145 Naso
649 2098 682 2143 a.
698 2079 731 2144 d.
759 2094 832 2144 x11.
859 2077 940 2144 Kal.
966 2071 1075 2164 April.
1101 2079 1262 2148 Sulmone
1281 2081 1324 2146 win

212 2181 481 2266 Pelignisnatus
503 2190 576 2247 est:
598 2201 666 2266 quo
681 2199 766 2249 enno
780 2181 871 2247 bello
886 2181 1072 2247 Mutinensi
1085 2180 1127 2245 P.
1143 2180 1278 2248 Hirtius
1292 2190 1325 2250 et

214 2283 256 2351 G.
273 2282 387 2350 Pansa
399 2284 503 2350 Coss.
523 2283 611 2350 diem
633 2283 757 2349 obiere.
801 2281 1001 2350 Honoribus
1017 2283 1138 2351 Roma
1161 2284 1320 2354 structus:

211 2385 278 2451 fuit
290 2387 378 2450 enim
392 2386 512 2452 arbiter
525 2390 562 2450 et
573 2385 734 2462 triumvir,
749 2389 783 2450 et
800 2383 967 2470 judicium
981 2383 1066 2452 inter
1079 2392 1214 2451 centum
1228 2389 1322 2454 viros

213 2485 313 2552 dixit.
357 2486 429 2552 Sub
463 2486 578 2554 Plotio
602 2485 735 2569 Grippo
766 2485 871 2552 literis
892 2485 1060 2553 eruditus:
1083 2486 1205 2553 deinde
1228 2489 1323 2572 apud

215 2584 417 2653 Marcellum
434 2588 585 2653 Fuscum
609 2587 802 2665 Rhetorem,
827 2587 925 2673 cujus
948 2588 1082 2655 auditor
1093 2588 1169 2668 suit,
1196 2591 1326 2674 optime

215 2687 426 2757 declamavit.
471 2689 668 2757 Admirator
699 2690 877 2773 plurimum
911 2691 1026 2756 Porcii
1059 2689 1215 2758 Latronis
1248 2692 1326 2774 suit,

215 2810 318 2876 quem
339 2793 424 2858 adeo
445 2792 596 2858 studiose
621 2791 764 2871 audivit,
786 2797 823 2858 ut
843 2793 965 2858 multas
986 2792 1060 2877 ejus
1082 2794 1265 2860 sententias
1287 2795 1325 2859 iu

215 2911 332 2960 versus
356 2915 437 2960 suos
461 2895 674 2960 transtulerit.
694 2959 696 2962 ,
720 2894 837 2961 Bonus
862 2893 1065 2960 declamator
1079 2899 1112 2960 et
1127 2893 1325 2978 ingeniosos

214 2995 348 3062 habitus
362 3003 426 3076 est,
450 3003 487 3062 et
508 2997 653 3062 carmine
666 3015 769 3081 prosa
792 2997 929 3062 licenter
952 2994 1098 3080 scripsit,
1120 2995 1246 3080 ingenii
1271 2999 1326 3065 sni

214 3098 299 3165 adeo
313 3107 450 3180 amator,
462 3105 499 3166 ut
512 3118 557 3164 ex
570 3099 614 3164 iis
629 3117 707 3185 quae
727 3097 828 3176 dixit,
841 3098 942 3162 etiam
956 3097 1175 3182 precantibus
1189 3099 1325 3178 amicis,

213 3200 298 3264 nihil
324 3203 515 3267 mutaverit.
559 3201 602 3267 In
626 3200 830 3268 carminibus
853 3198 939 3264 vitia
959 3215 1022 3264 sna
1050 3219 1118 3266 non
1143 3201 1324 3284 ignoravit,

215 3301 279 3367 sed
305 3304 443 3368 amavit.
490 3301 651 3368 Militavit
676 3303 742 3366 sub
765 3300 817 3365 M.
838 3297 1001 3366 Varrone.
1044 3299 1139 3368 Julio
1164 3299 1326 3369 Graecina

215 3401 444 3469 Grammatico
459 3403 644 3468 familiaris.
687 3401 840 3468 Tandem
851 3422 927 3468 cum
942 3402 1090 3468 venisset
1103 3403 1138 3468 in
1153 3403 1327 3488 suspicio·

213 3523 291 3570 nem
306 3502 462 3594 Augusti,
476 3505 621 3584 creditus
636 3505 700 3569 sub
711 3505 844 3570 nomine
859 3501 1016 3571 Corinnae
1031 3519 1166 3570 amasse
1176 3505 1203 3570 J
1204 3505 1326 3586 uliam,
1402 3551 1403 3578 ³

214 3607 411 3673 inexilium
438 3609 561 3674 missus
593 3614 664 3688 est;
697 3608 845 3676 exulavit
867 3607 1001 3688 Tomis,
1033 3607 1147 3692 ibique
1178 3607 1328 3676 decessit
1402 3595 1403 3660 ἶ

216 3727 338 3776 anuum
352 3729 454 3795 agens
471 3724 537 3777 nu.
552 3709 784 3778 novissimum.
